1534 2470
139 737 189 776 65

436 205 598 244 TITUS
630 206 941 245 PETRONIUS
970 207 1210 244 ARBITER

217 274 395 328 “Bucca‚
424 285 561 332 bucca,
591 291 690 332 quot
716 291 810 324 sunt
828 286 962 342 vhic?''
992 300 1195 334 repressus
1220 300 1317 334 ergo
1347 287 1418 325 ali-

217 359 406 405 quamdiu
426 359 667 398 Trimalchio
687 362 895 399 camellam
913 362 1109 408 grandem
1131 365 1246 401 iussit
1263 365 1421 401 misceri

219 464 227 473 .
251 465 258 473 .
282 465 290 473 .
312 438 496 482 potiones
515 436 639 474 dividi
659 438 841 475 omnibus
861 441 995 484 servis,
1016 440 1084 485 qui
1098 438 1149 476 ad
1163 438 1288 486 pedes
1306 438 1421 477 sede-

220 511 329 558 bant,
355 511 513 549 adiecta
535 516 793 559 exceptione:
822 503 899 552 “Si
925 513 1044 560 quis'’
1065 516 1196 561 inquit
1216 504 1423 552 “noluerit

218 589 412 634 accipere,
432 593 552 635 caput
579 588 638 625 illi
666 588 874 635 perfunde.
927 589 1109 627 Interdiu
1137 603 1286 636 severa,
1314 602 1422 627 nunc

219 662 397 700 hilaria.”

276 738 395 775 Hanc
415 738 707 777 humanitatem
726 742 929 778 insecutae
945 745 1039 778 sunt
1052 746 1240 788 matteae,
1256 754 1421 788 quarum

221 817 344 852 etiam
362 815 584 853 recordatio
602 829 681 862 me,
702 818 734 854 si
753 829 832 863 qua
851 821 913 854 est
936 817 1088 855 dicenti
1111 816 1221 863 fides,
1242 816 1418 854 offendit.

221 889 411 936 Singulae
438 893 546 928 enim
568 891 742 936 gallinae
766 891 897 930 altiles
922 905 994 939 pro
1017 892 1145 930 turdis
1168 891 1422 930 circumlatae

221 971 317 1004 sunt
346 971 389 1004 et
416 980 489 1004 ova
516 969 700 1004 anserina
730 967 906 1014 pilleata,
940 981 1042 1014 quae
1073 973 1120 1006 ut
1145 980 1423 1014 comessemus,

221 1042 538 1080 ambitiosissime
554 1056 576 1079 a
591 1043 704 1080 nobis
724 1042 964 1080 Trimalchio
982 1046 1102 1090 petiit
1117 1043 1254 1081 dicens
1267 1055 1422 1081 exossa-

222 1123 283 1155 tas
316 1131 402 1155 esse
432 1117 610 1164 gallinas.
671 1118 784 1155 Inter
816 1118 916 1156 haec
946 1119 1109 1156 triclinii
1138 1118 1270 1156 valvas
1306 1118 1422 1156 lictor

222 1196 428 1241 percussit,
449 1196 695 1239 amictusque
715 1198 826 1231 veste
846 1194 935 1231 alba
954 1207 1045 1231 cum
1064 1196 1220 1240 ingenti
1235 1193 1422 1240 frequen-

222 1268 278 1304 tia
315 1268 544 1302 comissator
582 1267 755 1302 intravit.
816 1266 903 1312 Ego
941 1268 1150 1304 maiestate
1183 1268 1422 1303 conterritus

222 1342 447 1384 praetorem
467 1337 658 1384 putabam
681 1340 846 1375 venisse.
908 1337 1051 1384 Itaque
1077 1339 1272 1384 temptavi
1295 1350 1422 1375 assur-

221 1422 318 1456 gere
346 1414 389 1446 et
415 1408 542 1445 nudos
571 1408 696 1455 pedes
724 1412 766 1446 in
795 1414 942 1446 terram
966 1406 1135 1447 deferre.
1197 1409 1298 1446 Risit
1319 1408 1422 1446 hanc

224 1479 534 1527 trepidationem
560 1479 840 1526 Agamemnon
873 1485 915 1517 et
945 1471 1149 1518 “Contine
1182 1479 1257 1517 te’'
1292 1482 1423 1527 inquit

221 1543 376 1589 “homo
396 1551 638 1589 stultissime.
687 1553 896 1590 Habinnas
916 1555 1018 1590 sevir
1038 1557 1100 1590 est
1118 1552 1305 1599 idemque
1324 1552 1422 1599 lapi-

221 1624 366 1669 darius,
387 1626 454 1669 qui
474 1616 653 1660 videtur1
673 1629 934 1661 monumenta
952 1626 1102 1670 optime
1122 1623 1292 1662 facere.''

279 1696 494 1733 Recreatus
525 1694 600 1732 hoc
635 1708 817 1733 sermone
851 1698 1008 1742 reposui
1038 1696 1230 1742 cubitum,
1265 1696 1420 1734 Habin-

222 1780 394 1813 namque
407 1769 626 1804 intrantem
639 1780 730 1804 cum
738 1767 998 1804 admiratione
1011 1770 1168 1813 ingenti
1180 1768 1418 1814 spectabam.

222 1839 297 1876 Ille
319 1843 455 1875 autem
479 1841 558 1874 iam
582 1838 713 1875 ebrius
738 1841 868 1875 uxoris
892 1851 985 1876 suae
1013 1841 1158 1876 umeris
1181 1841 1422 1886 imposuerat

220 1922 374 1956 manus,
400 1914 666 1955 oneratusque
695 1909 846 1955 aliquot
875 1913 1028 1947 coronis
1052 1915 1095 1947 et
1117 1915 1326 1956 unguento
1349 1923 1421 1957 per

222 1982 396 2020 frontem
414 1983 457 2018 in
476 1980 609 2018 oculos
629 1980 779 2018 fluente
799 1984 998 2027 praetorio
1017 1981 1104 2019 loco
1123 1994 1166 2020 se
1180 1984 1312 2029 posuit
1327 1995 1420 2020 con-

532 2097 540 2116 ¹
554 2097 693 2129 videtur
708 2097 879 2140 Scheffer:
902 2098 1090 2132 videretur.

335 2153 410 2187 122
