1534 2470
447 199 609 239 TITUS
641 200 951 240 PETRONIUS
980 200 1221 240 ARBITER

393 272 491 311 Ales
512 273 708 310 Phasiacis
726 276 855 320 petita
875 273 1031 311 Colchis

392 333 514 374 atque
534 328 656 365 Afrae
675 328 854 366 volucres
873 328 1035 375 placent
1053 329 1199 376 palato,

393 383 501 430 quod
519 396 601 420 non
620 388 715 421 sunt
733 383 869 421 faciles
885 397 893 421 ε
913 389 956 422 at
974 384 1086 422 albus
1105 396 1222 422 anser

394 443 437 476 et
456 441 573 485 pictis
591 452 686 476 anas
705 431 890 476 enovatal
909 442 1052 486 pennis

393 493 596 540 plebeium
615 496 728 540 sapit.
790 493 952 532 Ultimis
971 495 1022 532 ab
1041 497 1118 532 oris

391 554 586 586 attractus
605 562 736 586 scarus
754 554 875 595 atque
894 554 1004 587 arata
1022 549 1162 596 Syrtis,

394 607 426 642 si
446 604 542 650 quid
561 603 768 650 naufragio
787 604 915 651 dedit,
933 605 1147 651 probatur:

393 659 540 697 mullus
558 661 637 696 iam
655 662 785 705 gravis
804 665 876 697 est.
935 659 1076 697 Amica
1090 662 1215 697 vincit

394 727 568 752 uxorem
630 715 731 752 Rosa
749 717 977 752 cinnamum
995 719 1165 752 veretur.

395 769 596 816 Quicquid
616 772 832 832 quaeritur,
850 773 1047 816 optimum
1065 768 1262 807 videturff’

286 816 417 862 “Hoc
447 825 543 862 est''
574 827 737 871 inquam
781 815 910 871 ‘quod
939 827 1185 872 promiseras,
1222 836 1274 861 ne
1311 835 1431 870 quem

231 881 352 918 hodie
371 893 528 918 versum
551 879 731 917 faceres?
749 893 822 926 per
844 880 977 926 fidem,
1001 880 1143 918 saltem
1165 879 1279 916 nobis
1301 890 1431 925 parce,

232 939 300 983 qui
329 940 371 973 te
397 948 602 982 nunquam
627 934 898 981 lapidavimus.
957 935 1062 972 Nam
1085 937 1118 972 si
1143 934 1284 980 aliquis
1310 946 1360 971 ex
1384 935 1430 978 is,

232 994 300 1037 qui
319 994 362 1028 in
382 991 525 1028 eodem
544 993 729 1036 synoecio
748 995 903 1036 potant,
918 1003 1065 1027 nomen
1079 994 1222 1036 poetae
1237 988 1432 1033 olfecerit,

232 1051 360 1084 totam
386 1046 603 1083 concitabit
632 1048 816 1082 viciniam
847 1050 890 1082 et
918 1058 990 1083 nos
1020 1057 1158 1082 omnes
1188 1044 1261 1082 sub
1291 1042 1430 1081 eadem

233 1115 350 1139 causa
368 1101 521 1138 obruet.
581 1101 773 1138 Miserere
793 1105 835 1137 et
853 1105 923 1137 aut
941 1099 1243 1146 pinacothecam
1261 1103 1332 1136 aut
1349 1096 1432 1135 bal-

233 1170 355 1195 neum
381 1155 551 1202 cogita.”
609 1155 674 1194 Sic
696 1168 762 1193 me
787 1155 1020 1201 loquentem
1046 1155 1270 1200 obiurgavit
1295 1153 1432 1198 Giton,

234 1214 464 1249 mitissimus
484 1223 596 1257 puer,
617 1214 660 1248 et
678 1213 842 1256 negavit
860 1215 970 1247 recte
994 1209 1138 1255 faeere,
1159 1208 1266 1255 quod
1288 1209 1432 1246 seniori

234 1269 475 1304 conviciarer
511 1265 707 1312 simulque
745 1265 891 1303 oblitus
929 1265 1044 1302 officii
1080 1277 1273 1309 mensam,
1314 1275 1432 1309 quam

233 1322 484 1359 humanitate
503 1323 733 1367 posuissem,
753 1320 995 1357 contumelia
1012 1319 1210 1366 tollerem,
1228 1317 1433 1364 multaque

234 1377 312 1414 alia
329 1376 611 1414 moderationis
631 1375 974 1468 verecundiaeque
993 1375 1127 1421 verba,
1146 1386 1247 1421 quae
1266 1373 1433 1410 formam

235 1435 319 1470 eius
339 1435 501 1495 egregie
521 1431 762 1469 decebant..

155 1491 206 1532 94
215 1487 288 1526 LO
307 1478 355 1533 Ι(
358 1478 415 1525 ‘O
429 1486 623 1524 felicem’'
644 1476 800 1532 inquit‘
802 1476 994 1522 ‘matrem
1005 1489 1130 1531 tuam,
1142 1496 1244 1530 quae
1255 1488 1298 1521 te
1309 1482 1433 1520 talem

235 1545 417 1590 peperit:
443 1546 574 1579 macte
600 1544 748 1578 virtute
775 1545 872 1578 esto.
933 1540 1074 1577 Raram
1099 1539 1196 1577 fecit
1220 1541 1430 1576 mixturam

236 1611 328 1635 cum
352 1599 548 1644 sapientia
575 1596 710 1633 forma.
771 1595 912 1641 Itaque
937 1608 990 1633 ne
1016 1599 1134 1641 putes
1158 1599 1202 1631 te
1226 1598 1290 1631 tot
1314 1593 1432 1630 verba

236 1652 469 1700 perdidisse,
488 1657 707 1689 amatorem
725 1653 923 1688 invenisti.
982 1650 1069 1695 Ego
1087 1649 1225 1686 laudes
1243 1653 1332 1686 tuas
1351 1659 1434 1684 car-

236 1708 409 1746 minibus
441 1707 627 1754 implebo.
686 1706 773 1752 Ego
803 1705 1056 1753 paedagogus
1087 1709 1130 1742 et
1155 1708 1287 1741 custos
1312 1705 1434 1740 etiam

236 1777 315 1810 quo
347 1776 430 1800 non
461 1764 632 1808 iusseris,
666 1774 817 1808 sequar.
877 1760 963 1797 Nec
1000 1762 1183 1796 iniuriam
1220 1757 1434 1804 Encolpius

235 1821 393 1864 accipit,
419 1817 541 1854 alium
566 1816 711 1853 amat.''
771 1815 924 1852 Profuit
950 1817 1071 1852 etiam
1098 1813 1293 1860 Eumolpo
1319 1812 1434 1850 miles

236 1873 318 1919 ine,
337 1875 406 1919 qui
424 1872 523 1909 mihi
541 1871 707 1909 abstulit
725 1870 902 1917 gladium
918 1883 927 1915 3
941 1869 1115 1915 alioquin
1127 1882 1247 1915 quem
1259 1870 1433 1904 animum

236 1928 423 1966 adversus
448 1927 643 1973 Ascylton
668 1938 925 1972 sumpseram,
951 1937 1043 1962 eum
1068 1927 1111 1961 in
1136 1923 1321 1969 Eumolpi
1346 1935 1434 1959 san-

236 1986 400 2030 guinem
424 1985 698 2020 exercuissem.
757 1981 843 2018 Nec
867 1979 1014 2017 fefellit
1035 1979 1112 2016 hoc
1136 1979 1293 2016 Gitona.
1354 1977 1433 2014 Ita-

236 2051 315 2086 que
341 2043 454 2076 extra
481 2037 623 2075 cellam
648 2038 853 2083 processit,
878 2040 1069 2081 tanquam
1093 2046 1237 2080 aquam
1261 2037 1433 2080 peteret,

541 2103 553 2123 ¹
566 2107 723 2136 enovata
738 2102 906 2134 Pithoeus
916 2112 929 2133 .·
945 2104 1130 2133 renovata.

349 2156 424 2195 186
