1534 2470
135 1698 209 1730 110

466 217 628 260 TITUS
659 218 971 261 PETRONIUS
999 221 1239 260 ARBITER

244 299 389 339 artifex
415 304 574 348 tetigit3
602 300 694 340 illae
712 304 870 340 viscatis
895 302 1073 349 illigatae
1098 303 1310 341 viminibus
1334 301 1448 342 defe-

245 364 437 402 rebantur
454 363 506 402 ad
524 378 674 403 manus.
731 365 917 404 Tollebat
935 365 1090 413 plumas
1108 379 1202 404 aura
1221 365 1447 414 volitantes,

246 430 466 475 pinnasque
486 441 558 474 per
576 431 699 466 maria
718 431 846 467 inanis
865 442 1004 476 spuma
1022 429 1245 476 torquebat.

301 491 386 528 Iam
406 490 548 528 Lichas
567 491 698 529 redire
717 505 875 530 mecum
894 495 936 529 in
960 495 1131 539 gratiam
1150 497 1351 540 coeperat,
1369 495 1447 530 iam

243 554 482 601 Tryphaena
506 555 655 592 Gitona
681 561 861 593 extrema
886 560 1000 602 parte
1028 558 1201 602 potionis
1221 556 1446 603 spargebat,

243 632 334 656 cum
363 618 582 665 Eumolpus
615 624 658 656 et
690 622 774 666 ipse
809 622 902 657 vino
932 620 1084 658 solutus
1114 619 1222 657 dicta
1250 619 1378 658 voluit
1403 622 1446 657 in

243 682 373 719 calvos
391 684 680 728 stigmososque
695 682 868 728 iaculari,
882 682 1011 720 donec
1026 688 1260 730 consumpta
1273 682 1446 730 frigidis-

243 748 341 783 sima
358 745 585 782 urbanitate
605 745 726 783 rediit
743 745 795 783 ad
814 748 988 783 carmina
1006 759 1077 784 sua
1095 749 1307 793 coepitque
1325 746 1445 793 capil-

242 807 370 845 lorum
389 807 633 854 elegidarion
653 808 807 846 dicere:

270 861 423 917 “Quod
443 871 571 908 solum
590 872 740 909 formae
759 871 881 910 decus
900 876 975 918 est,
991 871 1171 910 cecidere
1191 871 1336 920 capilli,

350 938 643 980 vernantesque
664 947 795 972 comas
813 937 938 972 tristis
957 935 1094 981 abegit
1112 934 1278 982 hiemps.

297 997 415 1035 Nunc
434 997 574 1034 umbra
591 997 743 1034 nudata
761 1011 830 1035 sua
849 1000 929 1035 iam
947 1002 1129 1044 tempora
1146 1002 1341 1044 maerent,

350 1073 521 1107 areaque
539 1063 688 1098 attritis
708 1060 814 1098 ridet
832 1052 988 1098 adulta¹
1006 1061 1108 1108 pilis.

296 1124 333 1162 Ο
354 1123 473 1160 fallax
492 1129 633 1161 natura
652 1123 793 1161 deum:
822 1137 923 1170 quae
942 1127 1069 1170 prima
1087 1124 1234 1162 dedisti

349 1190 473 1224 aetati
492 1192 651 1224 nostrae
669 1186 827 1233 gaudia,
847 1189 974 1233 prima
992 1187 1134 1234 rapis.'’

405 1240 431 1258 “
440 1249 599 1296 Infelix,
618 1249 738 1287 modo
757 1251 931 1287 crinibus
950 1251 1107 1288 nitebas

437 1312 599 1350 Phoebo
618 1312 818 1359 pulchrior
837 1318 880 1350 et
899 1326 1030 1350 sorore
1052 1312 1213 1350 Phoebi.

437 1376 493 1413 At
512 1389 619 1413 nunc
638 1376 762 1413 levior
780 1389 872 1413 aere
891 1375 956 1414 vel
975 1376 1147 1413 rotundo

438 1439 543 1477 horti
562 1440 718 1485 tubere,
735 1439 843 1486 quod
862 1442 1011 1476 creavit
1030 1439 1151 1485 unda,

434 1502 612 1540 ridentes
631 1502 736 1549 fugis
755 1507 798 1540 et
816 1505 934 1540 times
953 1502 1115 1549 puellas.

437 1566 494 1604 Ut
512 1571 683 1603 mortem
702 1568 818 1603 citius
836 1568 972 1602 venire
991 1565 1142 1611 credas,

435 1632 534 1666 scito
554 1631 633 1665 iam
652 1631 792 1675 capitis
811 1631 961 1675 perisse
980 1627 1175 1674 partem.’'

295 1692 412 1729 Plura
431 1692 591 1730 volebat
610 1691 800 1738 proferre,
820 1690 952 1737 credo,
973 1696 1016 1728 et
1034 1693 1230 1737 ineptiora
1248 1693 1438 1737 praeteri·

239 1754 302 1796 tis,
323 1763 414 1787 cum
441 1750 586 1787 ancilla
613 1749 874 1796 Tryphaenae
905 1748 1054 1786 Gitona
1080 1751 1123 1785 in
1150 1753 1306 1794 partem
1328 1752 1438 1787 navis

238 1809 468 1846 inferiorem
487 1808 599 1845 ducit
624 1808 904 1853 corymbioque
929 1806 1114 1843 dominae
1139 1809 1252 1853 pueri
1271 1806 1438 1845 adornat

238 1871 367 1913 caput.
410 1866 539 1903 Immo
558 1865 767 1912 supercilia
782 1867 903 1902 etiam
917 1864 1070 1911 profert
1088 1864 1139 1901 de
1154 1864 1300 1910 pyxide
1320 1867 1437 1902 scite-

238 1931 316 1972 que
347 1927 525 1967 iacturae
558 1924 803 1961 lineamenta
835 1928 972 1960 secuta
1010 1927 1137 1959 totam
1174 1922 1232 1959 illi
1270 1921 1436 1960 formam

238 1996 349 2022 suam
382 1982 569 2020 reddidit.
629 1982 807 2028 Agnovit
836 1980 1074 2027 Tryphaena
1104 1993 1241 2018 verum
1275 1979 1436 2026 Gitona,

236 2041 486 2087 lacrimisque
518 2040 679 2078 turbata
715 2044 812 2076 tunc
849 2041 1020 2084 primum
1058 2038 1162 2075 bona
1198 2037 1276 2075 fide
1313 2050 1436 2085 puero
1508 2051 1510 2054 ’

560 2110 572 2131 ¹
583 2111 708 2149 adulta
724 2109 913 2142 Buecheler
923 2120 937 2141 .·
951 2109 1095 2141 adusta.

348 2163 426 2202 226

1527 122 1534 167 i

1528 172 1534 212 i

1527 291 1534 314 1,

1528 318 1534 332 ξ
