<?xml version="1.0" encoding="UTF-8"?>
<!DOCTYPE html PUBLIC "-//W3C//DTD XHTML 1.0 Transitional//EN"
    "http://www.w3.org/TR/xhtml1/DTD/xhtml1-transitional.dtd">
<html xmlns="http://www.w3.org/1999/xhtml" xml:lang="en" lang="en">
 <head>
  <title>
</title>
<meta http-equiv="Content-Type" content="text/html;charset=utf-8" />
  <meta name='ocr-system' content='tesseract 3.04.00' />
  <meta name='ocr-capabilities' content='ocr_page ocr_carea ocr_par ocr_line ocrx_word'/>
</head>
<body>
  <div class='ocr_page' id='page_1' title='image "./petronius00petruoft_0398.png"; bbox 0 0 1534 2470; ppageno 0'>
   <div class='ocr_carea' id='block_1_1' title="bbox 170 597 185 629">
    <p class='ocr_par' dir='ltr' id='par_1_1' title="bbox 170 597 185 629">
     <span class='ocr_line' id='line_1_1' title="bbox 170 597 185 629; baseline 0 0"><span class='ocrx_word' id='word_1_1' title='bbox 170 597 185 629; x_wconf 96' lang='lat' dir='ltr'><strong>l</strong></span> 
     </span>
    </p>
   </div>
   <div class='ocr_carea' id='block_1_2' title="bbox 222 473 1419 514">
    <p class='ocr_par' dir='ltr' id='par_1_2' title="bbox 222 473 1419 514">
     <span class='ocr_line' id='line_1_2' title="bbox 222 473 1419 514; baseline 0 -2"><span class='ocrx_word' id='word_1_2' title='bbox 222 473 472 512; x_wconf 90' lang='lat' dir='ltr'>SENECAE</span> <span class='ocrx_word' id='word_1_3' title='bbox 492 474 1019 514; x_wconf 91' lang='lat' dir='ltr'>APOCOLOCYNTOSIS</span> <span class='ocrx_word' id='word_1_4' title='bbox 1047 476 1166 514; x_wconf 93' lang='lat' dir='ltr'><strong>DIVI</strong></span> <span class='ocrx_word' id='word_1_5' title='bbox 1187 475 1419 514; x_wconf 92' lang='lat' dir='ltr'><strong>CLAUDII</strong></span> 
     </span>
    </p>
   </div>
   <div class='ocr_carea' id='block_1_3' title="bbox 218 591 1421 2066">
    <p class='ocr_par' dir='ltr' id='par_1_3' title="bbox 218 591 1421 2066">
     <span class='ocr_line' id='line_1_3' title="bbox 275 591 1420 638; baseline 0.003 -10"><span class='ocrx_word' id='word_1_6' title='bbox 275 591 385 638; x_wconf 83' lang='lat' dir='ltr'><strong>Quid</strong></span> <span class='ocrx_word' id='word_1_7' title='bbox 403 597 538 629; x_wconf 82' lang='lat' dir='ltr'><strong>actum</strong></span> <span class='ocrx_word' id='word_1_8' title='bbox 553 595 606 630; x_wconf 89' lang='lat' dir='ltr'><strong>sit</strong></span> <span class='ocrx_word' id='word_1_9' title='bbox 623 595 666 630; x_wconf 91' lang='lat' dir='ltr'><strong>in</strong></span> <span class='ocrx_word' id='word_1_10' title='bbox 678 593 788 630; x_wconf 91' lang='lat' dir='ltr'><strong>caelo</strong></span> <span class='ocrx_word' id='word_1_11' title='bbox 801 598 897 631; x_wconf 91' lang='lat' dir='ltr'><strong>ante</strong></span> <span class='ocrx_word' id='word_1_12' title='bbox 913 594 1021 631; x_wconf 89' lang='lat' dir='ltr'><strong>diem</strong></span> <span class='ocrx_word' id='word_1_13' title='bbox 1042 594 1105 631; x_wconf 92' lang='lat' dir='ltr'><strong>III</strong></span> <span class='ocrx_word' id='word_1_14' title='bbox 1125 594 1214 632; x_wconf 87' lang='lat' dir='ltr'><strong>idus</strong></span> <span class='ocrx_word' id='word_1_15' title='bbox 1235 594 1420 632; x_wconf 86' lang='lat' dir='ltr'>Octobris</span> 
     </span>
     <span class='ocr_line' id='line_1_4' title="bbox 219 667 1419 715; baseline 0.002 -11"><span class='ocrx_word' id='word_1_16' title='bbox 219 680 324 705; x_wconf 88' lang='lat' dir='ltr'><strong>anno</strong></span> <span class='ocrx_word' id='word_1_17' title='bbox 343 680 460 714; x_wconf 91' lang='lat' dir='ltr'><strong>novo,</strong></span> <span class='ocrx_word' id='word_1_18' title='bbox 474 670 589 705; x_wconf 91' lang='lat' dir='ltr'><strong>initio</strong></span> <span class='ocrx_word' id='word_1_19' title='bbox 604 667 751 705; x_wconf 86' lang='lat' dir='ltr'><strong>saeculi</strong></span> <span class='ocrx_word' id='word_1_20' title='bbox 766 667 995 715; x_wconf 84' lang='lat' dir='ltr'><strong>felicissimi,</strong></span> <span class='ocrx_word' id='word_1_21' title='bbox 1010 669 1099 706; x_wconf 94' lang='lat' dir='ltr'><strong>volo</strong></span> <span class='ocrx_word' id='word_1_22' title='bbox 1112 671 1327 707; x_wconf 86' lang='lat' dir='ltr'><strong>memoriae</strong></span> <span class='ocrx_word' id='word_1_23' title='bbox 1341 674 1419 706; x_wconf 86' lang='lat' dir='ltr'><strong>tra-</strong></span> 
     </span>
     <span class='ocr_line' id='line_1_5' title="bbox 220 742 1420 790; baseline 0.002 -10"><span class='ocrx_word' id='word_1_24' title='bbox 220 743 327 780; x_wconf 89' lang='lat' dir='ltr'><strong>dere.</strong></span> <span class='ocrx_word' id='word_1_25' title='bbox 370 742 481 780; x_wconf 89' lang='lat' dir='ltr'><strong>Nihil</strong></span> <span class='ocrx_word' id='word_1_26' title='bbox 493 756 569 781; x_wconf 94' lang='lat' dir='ltr'><strong>nec</strong></span> <span class='ocrx_word' id='word_1_27' title='bbox 584 742 757 781; x_wconf 86' lang='lat' dir='ltr'><strong>offensae</strong></span> <span class='ocrx_word' id='word_1_28' title='bbox 772 756 848 781; x_wconf 90' lang='lat' dir='ltr'><strong>nec</strong></span> <span class='ocrx_word' id='word_1_29' title='bbox 863 747 1016 790; x_wconf 85' lang='lat' dir='ltr'><strong>gratiae</strong></span> <span class='ocrx_word' id='word_1_30' title='bbox 1031 744 1200 782; x_wconf 86' lang='lat' dir='ltr'><strong>dabitur.</strong></span> <span class='ocrx_word' id='word_1_31' title='bbox 1234 745 1350 782; x_wconf 86' lang='lat' dir='ltr'><strong>Haec</strong></span> <span class='ocrx_word' id='word_1_32' title='bbox 1363 746 1420 782; x_wconf 79' lang='lat' dir='ltr'><strong>ita</strong></span> 
     </span>
     <span class='ocr_line' id='line_1_6' title="bbox 221 818 1420 866; baseline 0.002 -11"><span class='ocrx_word' id='word_1_33' title='bbox 221 832 323 856; x_wconf 88' lang='lat' dir='ltr'><strong>vera.</strong></span> <span class='ocrx_word' id='word_1_34' title='bbox 374 818 415 856; x_wconf 91' lang='lat' dir='ltr'><strong>Si</strong></span> <span class='ocrx_word' id='word_1_35' title='bbox 443 821 530 864; x_wconf 90' lang='lat' dir='ltr'><strong>quis</strong></span> <span class='ocrx_word' id='word_1_36' title='bbox 549 821 791 865; x_wconf 86' lang='lat' dir='ltr'><strong>quaesiverit</strong></span> <span class='ocrx_word' id='word_1_37' title='bbox 810 818 918 856; x_wconf 91' lang='lat' dir='ltr'><strong>unde</strong></span> <span class='ocrx_word' id='word_1_38' title='bbox 938 822 1072 864; x_wconf 87' lang='lat' dir='ltr'><strong>sciam,</strong></span> <span class='ocrx_word' id='word_1_39' title='bbox 1093 822 1278 866; x_wconf 84' lang='lat' dir='ltr'><strong>primum,</strong></span> <span class='ocrx_word' id='word_1_40' title='bbox 1298 821 1331 857; x_wconf 92' lang='lat' dir='ltr'><strong>si</strong></span> <span class='ocrx_word' id='word_1_41' title='bbox 1349 832 1420 857; x_wconf 87' lang='lat' dir='ltr'><strong>no-</strong></span> 
     </span>
     <span class='ocr_line' id='line_1_7' title="bbox 221 893 1420 941; baseline 0 -9"><span class='ocrx_word' id='word_1_42' title='bbox 221 894 345 940; x_wconf 89' lang='lat' dir='ltr'>luero,</span> <span class='ocrx_word' id='word_1_43' title='bbox 360 906 442 930; x_wconf 89' lang='lat' dir='ltr'><strong>non</strong></span> <span class='ocrx_word' id='word_1_44' title='bbox 457 893 720 940; x_wconf 88' lang='lat' dir='ltr'>respondebo.</span> <span class='ocrx_word' id='word_1_45' title='bbox 766 893 867 940; x_wconf 85' lang='lat' dir='ltr'><strong>Quis</strong></span> <span class='ocrx_word' id='word_1_46' title='bbox 883 899 1090 932; x_wconf 86' lang='lat' dir='ltr'><strong>coacturus</strong></span> <span class='ocrx_word' id='word_1_47' title='bbox 1107 895 1192 932; x_wconf 87' lang='lat' dir='ltr'><strong>est?</strong></span> <span class='ocrx_word' id='word_1_48' title='bbox 1234 894 1321 941; x_wconf 84' lang='lat' dir='ltr'><strong>Ego</strong></span> <span class='ocrx_word' id='word_1_49' title='bbox 1339 897 1420 932; x_wconf 90' lang='lat' dir='ltr'><strong>scio</strong></span> 
     </span>
     <span class='ocr_line' id='line_1_8' title="bbox 219 968 1419 1017; baseline 0 -10"><span class='ocrx_word' id='word_1_50' title='bbox 219 982 284 1007; x_wconf 90' lang='lat' dir='ltr'><strong>me</strong></span> <span class='ocrx_word' id='word_1_51' title='bbox 307 969 479 1006; x_wconf 87' lang='lat' dir='ltr'><strong>liberum</strong></span> <span class='ocrx_word' id='word_1_52' title='bbox 502 968 666 1015; x_wconf 88' lang='lat' dir='ltr'><strong>factum,</strong></span> <span class='ocrx_word' id='word_1_53' title='bbox 688 982 738 1006; x_wconf 88' lang='lat' dir='ltr'><strong>ex</strong></span> <span class='ocrx_word' id='word_1_54' title='bbox 764 982 843 1015; x_wconf 92' lang='lat' dir='ltr'><strong>quo</strong></span> <span class='ocrx_word' id='word_1_55' title='bbox 862 982 978 1007; x_wconf 92' lang='lat' dir='ltr'><strong>suum</strong></span> <span class='ocrx_word' id='word_1_56' title='bbox 998 969 1107 1007; x_wconf 91' lang='lat' dir='ltr'><strong>diem</strong></span> <span class='ocrx_word' id='word_1_57' title='bbox 1126 970 1225 1007; x_wconf 91' lang='lat' dir='ltr'><strong>obiit</strong></span> <span class='ocrx_word' id='word_1_58' title='bbox 1250 969 1332 1017; x_wconf 91' lang='lat' dir='ltr'><strong>ille,</strong></span> <span class='ocrx_word' id='word_1_59' title='bbox 1352 972 1419 1016; x_wconf 83' lang='lat' dir='ltr'><strong>qui</strong></span> 
     </span>
     <span class='ocr_line' id='line_1_9' title="bbox 219 1044 1419 1091; baseline 0 -9"><span class='ocrx_word' id='word_1_60' title='bbox 219 1058 358 1082; x_wconf 91' lang='lat' dir='ltr'><strong>verum</strong></span> <span class='ocrx_word' id='word_1_61' title='bbox 391 1045 646 1091; x_wconf 88' lang='lat' dir='ltr'><strong>proverbium</strong></span> <span class='ocrx_word' id='word_1_62' title='bbox 676 1044 841 1091; x_wconf 83' lang='lat' dir='ltr'>fecerat,</span> <span class='ocrx_word' id='word_1_63' title='bbox 875 1050 946 1082; x_wconf 87' lang='lat' dir='ltr'><strong>aut</strong></span> <span class='ocrx_word' id='word_1_64' title='bbox 984 1057 1125 1091; x_wconf 88' lang='lat' dir='ltr'><strong>regem</strong></span> <span class='ocrx_word' id='word_1_65' title='bbox 1157 1050 1228 1082; x_wconf 85' lang='lat' dir='ltr'><strong>aut</strong></span> <span class='ocrx_word' id='word_1_66' title='bbox 1265 1045 1419 1083; x_wconf 85' lang='lat' dir='ltr'><strong>fatuum</strong></span> 
     </span>
     <span class='ocr_line' id='line_1_10' title="bbox 218 1119 1419 1167; baseline 0.001 -10"><span class='ocrx_word' id='word_1_67' title='bbox 218 1123 325 1158; x_wconf 89' lang='lat' dir='ltr'><strong>nasci</strong></span> <span class='ocrx_word' id='word_1_68' title='bbox 352 1124 548 1166; x_wconf 84' lang='lat' dir='ltr'>oportere.</span> <span class='ocrx_word' id='word_1_69' title='bbox 605 1119 646 1158; x_wconf 94' lang='lat' dir='ltr'><strong>Si</strong></span> <span class='ocrx_word' id='word_1_70' title='bbox 675 1119 839 1156; x_wconf 81' lang='lat' dir='ltr'><strong>libuerit</strong></span> <span class='ocrx_word' id='word_1_71' title='bbox 868 1119 1124 1166; x_wconf 88' lang='lat' dir='ltr'><strong>respondere,</strong></span> <span class='ocrx_word' id='word_1_72' title='bbox 1154 1119 1283 1157; x_wconf 85' lang='lat' dir='ltr'><strong>dicam</strong></span> <span class='ocrx_word' id='word_1_73' title='bbox 1313 1119 1419 1167; x_wconf 88' lang='lat' dir='ltr'><strong>quod</strong></span> 
     </span>
     <span class='ocr_line' id='line_1_11' title="bbox 218 1194 1419 1242; baseline 0.001 -9"><span class='ocrx_word' id='word_1_74' title='bbox 218 1195 318 1233; x_wconf 91' lang='lat' dir='ltr'><strong>mihi</strong></span> <span class='ocrx_word' id='word_1_75' title='bbox 344 1198 386 1232; x_wconf 90' lang='lat' dir='ltr'><strong>in</strong></span> <span class='ocrx_word' id='word_1_76' title='bbox 412 1195 578 1232; x_wconf 86' lang='lat' dir='ltr'><strong>buccam</strong></span> <span class='ocrx_word' id='word_1_77' title='bbox 600 1197 766 1232; x_wconf 87' lang='lat' dir='ltr'><strong>venerit.</strong></span> <span class='ocrx_word' id='word_1_78' title='bbox 820 1194 919 1241; x_wconf 81' lang='lat' dir='ltr'><strong>Quis</strong></span> <span class='ocrx_word' id='word_1_79' title='bbox 946 1208 1124 1242; x_wconf 90' lang='lat' dir='ltr'><strong>unquam</strong></span> <span class='ocrx_word' id='word_1_80' title='bbox 1152 1195 1203 1232; x_wconf 85' lang='lat' dir='ltr'><strong>ab</strong></span> <span class='ocrx_word' id='word_1_81' title='bbox 1232 1195 1419 1234; x_wconf 88' lang='lat' dir='ltr'><strong>historico</strong></span> 
     </span>
     <span class='ocr_line' id='line_1_12' title="bbox 219 1269 1419 1316; baseline 0.001 -8"><span class='ocrx_word' id='word_1_82' title='bbox 219 1274 412 1308; x_wconf 88' lang='lat' dir='ltr'><strong>iuratores</strong></span> <span class='ocrx_word' id='word_1_83' title='bbox 441 1270 602 1316; x_wconf 81' lang='lat' dir='ltr'><strong>exegit?</strong></span> <span class='ocrx_word' id='word_1_84' title='bbox 637 1269 789 1307; x_wconf 82' lang='lat' dir='ltr'><strong>Tamen</strong></span> <span class='ocrx_word' id='word_1_85' title='bbox 818 1272 850 1307; x_wconf 91' lang='lat' dir='ltr'><strong>si</strong></span> <span class='ocrx_word' id='word_1_86' title='bbox 879 1283 1043 1308; x_wconf 89' lang='lat' dir='ltr'><strong>necesse</strong></span> <span class='ocrx_word' id='word_1_87' title='bbox 1069 1270 1191 1308; x_wconf 88' lang='lat' dir='ltr'><strong>fuerit</strong></span> <span class='ocrx_word' id='word_1_88' title='bbox 1217 1276 1419 1309; x_wconf 85' lang='lat' dir='ltr'><strong>auctorem</strong></span> 
     </span>
     <span class='ocr_line' id='line_1_13' title="bbox 220 1345 1420 1393; baseline 0.001 -10"><span class='ocrx_word' id='word_1_89' title='bbox 220 1346 453 1393; x_wconf 88' lang='lat' dir='ltr'><strong>producere,</strong></span> <span class='ocrx_word' id='word_1_90' title='bbox 474 1348 658 1392; x_wconf 91' lang='lat' dir='ltr'><strong>quaerito</strong></span> <span class='ocrx_word' id='word_1_91' title='bbox 687 1346 737 1382; x_wconf 85' lang='lat' dir='ltr'><strong>ab</strong></span> <span class='ocrx_word' id='word_1_92' title='bbox 766 1358 815 1383; x_wconf 91' lang='lat' dir='ltr'><strong>eo</strong></span> <span class='ocrx_word' id='word_1_93' title='bbox 844 1347 912 1391; x_wconf 92' lang='lat' dir='ltr'><strong>qui</strong></span> <span class='ocrx_word' id='word_1_94' title='bbox 942 1345 1160 1383; x_wconf 86' lang='lat' dir='ltr'><strong>Drusillam</strong></span> <span class='ocrx_word' id='word_1_95' title='bbox 1187 1351 1352 1384; x_wconf 85' lang='lat' dir='ltr'><strong>euntem</strong></span> <span class='ocrx_word' id='word_1_96' title='bbox 1377 1349 1420 1384; x_wconf 89' lang='lat' dir='ltr'><strong>in</strong></span> 
     </span>
     <span class='ocr_line' id='line_1_14' title="bbox 219 1419 1419 1459; baseline 0 -1"><span class='ocrx_word' id='word_1_97' title='bbox 219 1421 374 1459; x_wconf 85' lang='lat' dir='ltr'><strong>caelum</strong></span> <span class='ocrx_word' id='word_1_98' title='bbox 388 1420 508 1457; x_wconf 91' lang='lat' dir='ltr'><strong>vidit:</strong></span> <span class='ocrx_word' id='word_1_99' title='bbox 529 1420 635 1457; x_wconf 90' lang='lat' dir='ltr'><strong>idem</strong></span> <span class='ocrx_word' id='word_1_100' title='bbox 657 1419 867 1457; x_wconf 80' lang='lat' dir='ltr'><strong>Claudium</strong></span> <span class='ocrx_word' id='word_1_101' title='bbox 880 1420 1023 1457; x_wconf 91' lang='lat' dir='ltr'><strong>vidisse</strong></span> <span class='ocrx_word' id='word_1_102' title='bbox 1038 1433 1081 1458; x_wconf 93' lang='lat' dir='ltr'><strong>se</strong></span> <span class='ocrx_word' id='word_1_103' title='bbox 1101 1420 1210 1458; x_wconf 90' lang='lat' dir='ltr'><strong>dicet</strong></span> <span class='ocrx_word' id='word_1_104' title='bbox 1228 1423 1306 1458; x_wconf 89' lang='lat' dir='ltr'><strong>iter</strong></span> <span class='ocrx_word' id='word_1_105' title='bbox 1325 1420 1419 1459; x_wconf 86' lang='lat' dir='ltr'><strong>faci-</strong></span> 
     </span>
     <span class='ocr_line' id='line_1_15' title="bbox 219 1486 1421 1541; baseline 0 -7"><span class='ocrx_word' id='word_1_106' title='bbox 219 1501 357 1534; x_wconf 91' lang='lat' dir='ltr'><strong>entem</strong></span> <span class='ocrx_word' id='word_1_107' title='bbox 377 1486 492 1532; x_wconf 84' lang='lat' dir='ltr'><strong>“non</strong></span> <span class='ocrx_word' id='word_1_108' title='bbox 512 1495 690 1541; x_wconf 85' lang='lat' dir='ltr'><strong>passibus</strong></span> <span class='ocrx_word' id='word_1_109' title='bbox 708 1495 883 1541; x_wconf 87' lang='lat' dir='ltr'><strong>aequis.&#39;’</strong></span> <span class='ocrx_word' id='word_1_110' title='bbox 914 1494 1024 1532; x_wconf 92' lang='lat' dir='ltr'><strong>Velit</strong></span> <span class='ocrx_word' id='word_1_111' title='bbox 1042 1495 1156 1541; x_wconf 85' lang='lat' dir='ltr'><strong>nolit,</strong></span> <span class='ocrx_word' id='word_1_112' title='bbox 1175 1508 1338 1533; x_wconf 89' lang='lat' dir='ltr'><strong>neeesse</strong></span> <span class='ocrx_word' id='word_1_113' title='bbox 1358 1501 1421 1534; x_wconf 83' lang='lat' dir='ltr'><strong>est</strong></span> 
     </span>
     <span class='ocr_line' id='line_1_16' title="bbox 219 1569 1418 1615; baseline 0.001 -8"><span class='ocrx_word' id='word_1_114' title='bbox 219 1570 277 1608; x_wconf 89' lang='lat' dir='ltr'><strong>illi</strong></span> <span class='ocrx_word' id='word_1_115' title='bbox 297 1572 430 1607; x_wconf 92' lang='lat' dir='ltr'><strong>omnia</strong></span> <span class='ocrx_word' id='word_1_116' title='bbox 448 1569 597 1615; x_wconf 89' lang='lat' dir='ltr'><strong>videre,</strong></span> <span class='ocrx_word' id='word_1_117' title='bbox 618 1582 719 1615; x_wconf 87' lang='lat' dir='ltr'><strong>quae</strong></span> <span class='ocrx_word' id='word_1_118' title='bbox 739 1572 781 1606; x_wconf 90' lang='lat' dir='ltr'><strong>in</strong></span> <span class='ocrx_word' id='word_1_119' title='bbox 801 1569 911 1606; x_wconf 87' lang='lat' dir='ltr'><strong>caelo</strong></span> <span class='ocrx_word' id='word_1_120' title='bbox 930 1574 1123 1615; x_wconf 85' lang='lat' dir='ltr'><strong>aguntur:</strong></span> <span class='ocrx_word' id='word_1_121' title='bbox 1152 1569 1307 1615; x_wconf 87' lang='lat' dir='ltr'><strong>Appiae</strong></span> <span class='ocrx_word' id='word_1_122' title='bbox 1332 1573 1418 1608; x_wconf 88' lang='lat' dir='ltr'><strong>viae</strong></span> 
     </span>
     <span class='ocr_line' id='line_1_17' title="bbox 221 1643 1418 1690; baseline -0.001 -7"><span class='ocrx_word' id='word_1_123' title='bbox 221 1650 379 1684; x_wconf 83' lang='lat' dir='ltr'><strong>curator</strong></span> <span class='ocrx_word' id='word_1_124' title='bbox 398 1649 473 1690; x_wconf 87' lang='lat' dir='ltr'><strong>est,</strong></span> <span class='ocrx_word' id='word_1_125' title='bbox 493 1657 571 1690; x_wconf 87' lang='lat' dir='ltr'><strong>qua</strong></span> <span class='ocrx_word' id='word_1_126' title='bbox 591 1646 666 1681; x_wconf 92' lang='lat' dir='ltr'><strong>scis</strong></span> <span class='ocrx_word' id='word_1_127' title='bbox 687 1649 729 1681; x_wconf 91' lang='lat' dir='ltr'><strong>et</strong></span> <span class='ocrx_word' id='word_1_128' title='bbox 749 1643 884 1681; x_wconf 90' lang='lat' dir='ltr'><strong>divum</strong></span> <span class='ocrx_word' id='word_1_129' title='bbox 906 1643 1133 1689; x_wconf 89' lang='lat' dir='ltr'><strong>Augustum</strong></span> <span class='ocrx_word' id='word_1_130' title='bbox 1154 1648 1197 1680; x_wconf 90' lang='lat' dir='ltr'><strong>et</strong></span> <span class='ocrx_word' id='word_1_131' title='bbox 1215 1643 1418 1682; x_wconf 92' lang='lat' dir='ltr'><strong>Tiberium</strong></span> 
     </span>
     <span class='ocr_line' id='line_1_18' title="bbox 221 1719 1418 1765; baseline -0.002 -7"><span class='ocrx_word' id='word_1_132' title='bbox 221 1721 430 1758; x_wconf 84' lang='lat' dir='ltr'><strong>Caesarem</strong></span> <span class='ocrx_word' id='word_1_133' title='bbox 455 1719 506 1756; x_wconf 86' lang='lat' dir='ltr'><strong>ad</strong></span> <span class='ocrx_word' id='word_1_134' title='bbox 536 1719 631 1756; x_wconf 92' lang='lat' dir='ltr'><strong>deos</strong></span> <span class='ocrx_word' id='word_1_135' title='bbox 655 1721 742 1756; x_wconf 92' lang='lat' dir='ltr'><strong>isse.</strong></span> <span class='ocrx_word' id='word_1_136' title='bbox 795 1719 917 1755; x_wconf 93' lang='lat' dir='ltr'><strong>Hunc</strong></span> <span class='ocrx_word' id='word_1_137' title='bbox 947 1721 979 1755; x_wconf 93' lang='lat' dir='ltr'><strong>si</strong></span> <span class='ocrx_word' id='word_1_138' title='bbox 1008 1721 1327 1765; x_wconf 88' lang='lat' dir='ltr'><strong>interrogaveris,</strong></span> <span class='ocrx_word' id='word_1_139' title='bbox 1346 1719 1418 1756; x_wconf 90' lang='lat' dir='ltr'><strong>soli</strong></span> 
     </span>
     <span class='ocr_line' id='line_1_19' title="bbox 221 1793 1415 1840; baseline -0.003 -6"><span class='ocrx_word' id='word_1_140' title='bbox 221 1796 417 1834; x_wconf 84' lang='lat' dir='ltr'><strong>narrabit:</strong></span> <span class='ocrx_word' id='word_1_141' title='bbox 461 1807 592 1831; x_wconf 84' lang='lat' dir='ltr'><strong>coram</strong></span> <span class='ocrx_word' id='word_1_142' title='bbox 626 1793 805 1840; x_wconf 90' lang='lat' dir='ltr'><strong>pluribus</strong></span> <span class='ocrx_word' id='word_1_143' title='bbox 843 1806 1048 1839; x_wconf 91' lang='lat' dir='ltr'><strong>nunquam</strong></span> <span class='ocrx_word' id='word_1_144' title='bbox 1082 1793 1247 1830; x_wconf 88' lang='lat' dir='ltr'><strong>verbum</strong></span> <span class='ocrx_word' id='word_1_145' title='bbox 1284 1793 1415 1831; x_wconf 86' lang='lat' dir='ltr'><strong>faciet.</strong></span> 
     </span>
     <span class='ocr_line' id='line_1_20' title="bbox 222 1867 1418 1916; baseline -0.003 -7"><span class='ocrx_word' id='word_1_146' title='bbox 222 1872 326 1909; x_wconf 89' lang='lat' dir='ltr'><strong>Nam</strong></span> <span class='ocrx_word' id='word_1_147' title='bbox 359 1883 408 1908; x_wconf 86' lang='lat' dir='ltr'><strong>ex</strong></span> <span class='ocrx_word' id='word_1_148' title='bbox 438 1882 516 1916; x_wconf 91' lang='lat' dir='ltr'><strong>quo</strong></span> <span class='ocrx_word' id='word_1_149' title='bbox 545 1872 587 1906; x_wconf 89' lang='lat' dir='ltr'><strong>in</strong></span> <span class='ocrx_word' id='word_1_150' title='bbox 619 1873 761 1906; x_wconf 89' lang='lat' dir='ltr'><strong>senatu</strong></span> <span class='ocrx_word' id='word_1_151' title='bbox 790 1871 935 1905; x_wconf 82' lang='lat' dir='ltr'><strong>iuravit</strong></span> <span class='ocrx_word' id='word_1_152' title='bbox 963 1880 1006 1905; x_wconf 92' lang='lat' dir='ltr'><strong>se</strong></span> <span class='ocrx_word' id='word_1_153' title='bbox 1039 1867 1255 1905; x_wconf 85' lang='lat' dir='ltr'><strong>Drusillam</strong></span> <span class='ocrx_word' id='word_1_154' title='bbox 1274 1868 1418 1906; x_wconf 88' lang='lat' dir='ltr'><strong>vidisse</strong></span> 
     </span>
     <span class='ocr_line' id='line_1_21' title="bbox 220 1943 1418 1989; baseline -0.004 -5"><span class='ocrx_word' id='word_1_155' title='bbox 220 1946 376 1984; x_wconf 86' lang='lat' dir='ltr'><strong>caelum</strong></span> <span class='ocrx_word' id='word_1_156' title='bbox 389 1944 677 1983; x_wconf 88' lang='lat' dir='ltr'><strong>ascendentem</strong></span> <span class='ocrx_word' id='word_1_157' title='bbox 693 1948 736 1981; x_wconf 87' lang='lat' dir='ltr'><strong>et</strong></span> <span class='ocrx_word' id='word_1_158' title='bbox 750 1943 808 1980; x_wconf 92' lang='lat' dir='ltr'><strong>illi</strong></span> <span class='ocrx_word' id='word_1_159' title='bbox 827 1955 899 1989; x_wconf 90' lang='lat' dir='ltr'><strong>pro</strong></span> <span class='ocrx_word' id='word_1_160' title='bbox 919 1947 1001 1979; x_wconf 82' lang='lat' dir='ltr'><strong>tam</strong></span> <span class='ocrx_word' id='word_1_161' title='bbox 1021 1943 1125 1980; x_wconf 93' lang='lat' dir='ltr'><strong>bono</strong></span> <span class='ocrx_word' id='word_1_162' title='bbox 1138 1946 1280 1980; x_wconf 88' lang='lat' dir='ltr'><strong>nuntio</strong></span> <span class='ocrx_word' id='word_1_163' title='bbox 1299 1956 1418 1980; x_wconf 87' lang='lat' dir='ltr'><strong>nemo</strong></span> 
     </span>
     <span class='ocr_line' id='line_1_22' title="bbox 221 2017 1416 2066; baseline -0.005 -6"><span class='ocrx_word' id='word_1_164' title='bbox 221 2021 405 2066; x_wconf 83' lang='lat' dir='ltr'><strong>credidit,</strong></span> <span class='ocrx_word' id='word_1_165' title='bbox 433 2019 540 2066; x_wconf 90' lang='lat' dir='ltr'><strong>quod</strong></span> <span class='ocrx_word' id='word_1_166' title='bbox 570 2018 727 2064; x_wconf 90' lang='lat' dir='ltr'><strong>viderit,</strong></span> <span class='ocrx_word' id='word_1_167' title='bbox 749 2018 879 2055; x_wconf 89' lang='lat' dir='ltr'><strong>verbis</strong></span> <span class='ocrx_word' id='word_1_168' title='bbox 909 2020 1112 2064; x_wconf 88' lang='lat' dir='ltr'><strong>conceptis</strong></span> <span class='ocrx_word' id='word_1_169' title='bbox 1141 2017 1347 2055; x_wconf 81' lang='lat' dir='ltr'><strong>affirmavit</strong></span> <span class='ocrx_word' id='word_1_170' title='bbox 1373 2030 1416 2055; x_wconf 90' lang='lat' dir='ltr'><strong>se</strong></span> 
     </span>
    </p>
   </div>
   <div class='ocr_carea' id='block_1_4' title="bbox 218 2091 1417 2192">
    <p class='ocr_par' dir='ltr' id='par_1_4' title="bbox 218 2091 1417 2192">
     <span class='ocr_line' id='line_1_23' title="bbox 218 2091 1417 2139; baseline -0.004 -5"><span class='ocrx_word' id='word_1_171' title='bbox 218 2110 300 2135; x_wconf 87' lang='lat' dir='ltr'><strong>non</strong></span> <span class='ocrx_word' id='word_1_172' title='bbox 333 2095 615 2139; x_wconf 83' lang='lat' dir='ltr'><strong>ind1caturum,</strong></span> <span class='ocrx_word' id='word_1_173' title='bbox 641 2096 762 2132; x_wconf 91' lang='lat' dir='ltr'><strong>etiam</strong></span> <span class='ocrx_word' id='word_1_174' title='bbox 797 2095 828 2130; x_wconf 89' lang='lat' dir='ltr'><strong>si</strong></span> <span class='ocrx_word' id='word_1_175' title='bbox 857 2095 899 2129; x_wconf 90' lang='lat' dir='ltr'><strong>in</strong></span> <span class='ocrx_word' id='word_1_176' title='bbox 933 2091 1066 2130; x_wconf 91' lang='lat' dir='ltr'><strong>medio</strong></span> <span class='ocrx_word' id='word_1_177' title='bbox 1098 2092 1183 2130; x_wconf 83' lang='lat' dir='ltr'><strong>foro</strong></span> <span class='ocrx_word' id='word_1_178' title='bbox 1214 2091 1417 2130; x_wconf 88' lang='lat' dir='ltr'><strong>hominem</strong></span> 
     </span>
     <span class='ocr_line' id='line_1_24' title="bbox 331 2154 410 2192; baseline -0.013 -2"><span class='ocrx_word' id='word_1_179' title='bbox 331 2154 410 2192; x_wconf 83' lang='grc'><strong>370</strong></span> 
     </span>
    </p>
   </div>
  </div>
 </body>
</html>
