1500 2470
433 208 595 248 TITUS
626 209 939 249 PETRONIUS
969 211 1208 250 ARBITER

160 290 182 328 7
214 287 357 325 sudore
380 290 459 326 iam
485 289 652 327 madens
678 290 826 328 accedo
851 291 1049 329 aniculam
1075 291 1288 338 quandam,
1315 304 1417 339 quae

212 356 371 398 agreste
401 351 516 390 holus
546 353 760 400 vendebat,
788 358 831 391 et
860 344 1038 401 “Rogo''
1060 358 1223 402 inquam
1243 346 1417 402 “mater,

212 415 407 462 numquid
437 419 513 454 scis
543 417 613 454 ubi
644 430 720 463 ego
750 417 987 455 habitem?''
1026 418 1229 456 delectata
1258 423 1321 457 est
1350 418 1418 456 illa

213 479 440 517 urbanitate
453 484 537 517 tam
552 480 676 518 stulta
696 485 739 518 et
755 471 941 527 “Quidni
961 482 1137 519 sciam?'’
1160 484 1303 529 inquit,
1324 495 1417 520 con-

213 546 464 590 surrexitque
493 548 537 582 et
566 546 700 591 coepit
732 557 797 582 me
826 545 1079 592 praecedere.
1126 545 1313 583 Divinam
1341 558 1418 592 ego

213 606 403 652 putabam
423 611 466 644 et
487 635 495 644 .
519 635 527 645 .
551 635 558 644 .

269 669 448 707 Subinde
461 675 508 708 ut
522 673 563 707 in
578 670 710 708 locum
725 673 982 708 secretiorem
997 673 1190 718 venimus,
1203 676 1418 710 centonem

213 746 311 770 anus
327 733 479 771 urbana
497 736 638 771 reiecit
654 739 696 771 et
717 724 864 771 “Hie’'
880 737 1012 780 inquit
1024 725 1182 772 “debes
1197 734 1416 773 habitare.”

214 797 314 834 Cum
335 810 411 843 ego
430 810 621 843 negarem
645 810 710 834 me
730 810 947 843 agnoscere
967 798 1143 844 domum,
1163 798 1280 836 video
1302 811 1418 845 quos-

213 861 305 898 dam
325 863 432 898 inter
451 861 589 898 titulos
609 861 816 907 nudasque
836 864 1068 899 meretrices
1088 861 1226 899 furtim
1245 864 1418 909 spatian-

213 929 285 962 tes.
331 924 475 970 Tarde,
502 927 624 961 immo
650 927 728 961 iam
754 938 842 962 sero
865 925 1048 962 intellexi
1071 938 1136 963 me
1159 928 1202 963 in
1225 924 1418 963 fornicem

214 1000 300 1025 esse
334 987 565 1025 deductum.
626 987 846 1025 Execratus
876 990 1011 1034 itaque
1045 988 1224 1026 aniculae
1257 988 1418 1026 insidias

213 1054 352 1098 operui
376 1056 498 1098 caput
521 1056 564 1089 et
587 1064 659 1098 per
684 1051 863 1089 medium
886 1051 1053 1098 lupanar
1075 1051 1216 1098 fugere
1240 1054 1353 1098 coepi
1375 1054 1416 1089 in

213 1116 380 1152 alteram
401 1120 569 1162 partem,
591 1129 681 1152 cum
703 1128 796 1152 ecce
819 1117 861 1152 in
885 1118 970 1162 ipso
993 1115 1105 1152 aditu
1131 1118 1302 1153 occurrit
1320 1115 1416 1152 mihi

214 1192 340 1225 aeque
364 1178 489 1216 lassus
512 1191 557 1215 ac
581 1180 754 1216 moriens
781 1178 987 1224 Ascyltos3
1015 1183 1177 1225 putares
1202 1179 1253 1216 ab
1276 1178 1417 1216 eadem

214 1242 370 1279 anicula
390 1254 476 1279 esse
497 1241 727 1279 deductum.
782 1241 922 1287 Itaque
942 1246 988 1278 ut
1007 1241 1142 1278 ridens
1166 1254 1259 1279 eum
1282 1254 1417 1280 consa-

162 1311 183 1343 8
214 1306 351 1351 lutavi,
371 1305 467 1351 quid
488 1307 529 1342 in
549 1304 636 1342 loco
656 1309 739 1341 tam
759 1304 929 1341 deformi
949 1304 1101 1342 faceret
1119 1307 1304 1350 quaesivi.
1344 1304 1417 1342 Su-

215 1370 353 1407 dorem
368 1368 436 1405 ille
452 1369 634 1405 manibus
650 1368 819 1405 detersit
834 1372 878 1406 et
893 1358 918 1375 “
926 1367 968 1406 Si
981 1367 1132 1405 scires'’
1142 1358 1308 1414 inquit“
1316 1381 1417 1414 quae

214 1432 313 1470 mihi
341 1431 612 1469 acciderunt.”
660 1422 803 1477 “Quid
832 1431 957 1468 novi”
988 1433 1150 1477 inquam
1180 1421 1346 1477 “ego?’'
1375 1436 1419 1468 at

214 1496 282 1532 ille
302 1494 492 1532 deficiens
518 1485 642 1531 “cum
663 1493 868 1531 errarem”
896 1496 1028 1540 inquit
1054 1484 1159 1540 “per
1178 1498 1305 1531 totam
1324 1496 1416 1530 civi-

214 1564 341 1596 tatem
365 1571 441 1595 nec
466 1560 701 1603 invenirem,
721 1570 800 1603 quo
822 1557 910 1594 loco
934 1556 1134 1594 stabulum
1156 1556 1418 1603 reliquissem,

214 1624 382 1659 accessit
410 1621 461 1658 ad
495 1634 559 1658 me
591 1625 705 1667 pater
736 1619 909 1657 familiae
941 1624 984 1657 et
1013 1619 1158 1657 ducem
1189 1632 1231 1657 se
1264 1622 1418 1657 itineris

214 1686 498 1722 humanissime
528 1686 720 1730 promisit.
782 1683 857 1720 Per
883 1683 1083 1720 anfractus
1107 1682 1255 1720 deinde
1278 1683 1416 1720 obscu-

215 1751 387 1786 rissimos
397 1760 577 1794 egressus
590 1750 631 1784 in
644 1747 751 1784 hunc
763 1747 895 1784 locum
907 1759 972 1783 me
984 1746 1172 1792 perduxit
1183 1745 1418 1792 prolatoque

160 1813 195 1850 L
214 1811 370 1859 peculio
391 1814 524 1857 coepit
544 1823 683 1856 rogare
707 1815 899 1856 stuprum.
935 1801 940 1855 Ι
968 1809 1053 1846 Iam
1078 1821 1150 1855 pro
1170 1808 1270 1846 cella
1288 1821 1417 1846 mere-

128 1876 196 1914 LO
215 1878 293 1912 trix
313 1887 442 1912 assem
462 1878 666 1919 exegerat,
699 1865 704 1918 Ι
723 1876 802 1910 iarn
821 1873 889 1910 ille
914 1872 1011 1909 mihi
1031 1875 1223 1909 iniecerat
1242 1885 1416 1918 manum,

216 1939 259 1971 et
277 1936 353 1971 nisi
373 1933 569 1970 valentior
588 1932 764 1977 fuissem,
785 1931 986 1968 dedissem
1005 1930 1185 1984 poenas’'
1207 1958 1216 1966 .
1240 1959 1248 1967 .
1272 1959 1280 1967 .

161 1993 196 2030 L
269 1985 274 2038 Ι
307 1992 422 2029 Adeo
460 1992 608 2037 ubique
643 2003 781 2028 omnes
813 1989 912 2026 mihi
946 1989 1184 2027 videbantur
1215 1993 1417 2026 satureum

216 2053 361 2089 bibisse
377 2080 385 2088 .
405 2079 412 2087 .
432 2079 439 2087 .
456 2053 601 2087 iunctis
616 2050 763 2086 viribus
782 2048 996 2085 molestum
1016 2050 1326 2093 contempsimus
1342 2077 1349 2084 .
1373 2076 1380 2084 .
1404 2076 1413 2084 .

162 2115 185 2153 9
216 2111 340 2157 Quasi
359 2122 431 2156 per
450 2109 662 2154 caliginem
682 2108 763 2145 vidi
788 2108 935 2144 Gitona
958 2109 999 2143 in
1024 2106 1227 2152 crepidine
1251 2109 1415 2143 semitae

329 2169 378 2201 lo

1485 2236 1500 2352 zm:‚-‚-5
1489 2056 1500 2214 ·‚—‹e>-·-,.„-:<
1496 2003 1498 2016 ⁴.
