1534 2470
156 620 206 660 29

156 804 206 837 30

155 1371 199 1405 31

464 190 619 229 rITUS
651 191 962 231 PETRONIUS
992 192 1230 231 ARBITER

239 269 310 307 sed
330 273 385 308 sic
404 272 460 308 sic
479 273 565 308 sine
586 271 664 308 fine
684 271 816 308 feriati

239 330 281 362 et
299 330 435 363 tecum
453 328 650 363 iaceamus
669 326 903 364 osculantes.

240 381 321 417 Hic
340 380 474 418 nullus
493 380 604 418 labor
623 386 685 419 est
704 382 902 427 ruborque
922 382 1076 421 nullus:

238 435 314 472 hoc
332 438 446 482 iuvit,
466 438 576 473 iuvat
595 441 638 473 et
657 436 726 473 diu
746 437 917 481 iuvabit3

237 490 312 528 hoc
330 503 412 527 non
432 490 568 529 deficit
586 493 806 538 incipitque
825 505 992 539 semper.

240 566 316 599 102
337 561 494 599 ΒΑΜ

236 617 435 654 Accusare
455 622 498 654 et
516 630 648 655 amare
667 622 848 664 tempore
867 631 948 656 uno

236 675 311 719 ipsi
331 675 396 710 vix
416 672 495 710 fuit
514 672 684 710 Herculi
704 673 926 711 ferendum.

239 749 255 781 1
265 748 316 781 20
336 743 492 781 P.L.M.

237 799 399 836 Fallunt
416 812 488 836 nos
508 798 613 836 oculi
631 802 800 846 vagique
821 812 958 838 sensus

234 867 421 901 oppressa
439 857 593 891 ratione
612 858 873 892 mentiuntur.

235 909 340 947 Nam
358 912 478 947 turris
498 922 622 956 prope
643 922 745 955 quae
765 909 959 955 quadrata
979 913 1119 956 surgit,

234 964 393 1002 detritis
412 964 549 1011 procul
569 964 725 1010 angulis
744 969 907 1001 rotatur.

235 1019 468 1066 Hyblaeum
486 1019 638 1065 refugit
657 1024 766 1057 satur
785 1019 979 1065 liquorem

234 1080 278 1112 et
296 1077 400 1112 naris
420 1077 565 1111 casiam
583 1074 817 1120 frequenter
835 1074 930 1111 odit.

235 1130 327 1167 Hoc
346 1129 415 1167 illo
433 1132 560 1176 magis
578 1134 649 1166 aut
666 1132 797 1166 minus
816 1129 973 1175 placere

232 1197 315 1222 non
333 1189 469 1231 posset
487 1187 563 1221 nisi
581 1184 654 1221 lite
673 1184 873 1221 destinata

232 1244 461 1287 pugnarent
479 1238 601 1277 dubio
618 1244 759 1276 tenore
778 1251 925 1276 sensus.

236 1316 252 1348 1
263 1316 308 1348 21
333 1310 489 1348 P.L.M

234 1366 395 1405 Somnia
414 1378 516 1412 quae
534 1370 692 1403 mentes
707 1365 853 1403 ludunt
873 1365 1129 1403 volitantibus
1148 1366 1310 1412 umbris,

232 1434 314 1459 non
333 1420 500 1458 delubra
518 1420 639 1458 deum
658 1434 733 1457 nec
752 1421 802 1457 ab
821 1420 986 1457 aethere
1005 1423 1168 1457 numina
1186 1424 1366 1467 mittunt,

233 1476 304 1514 sed
323 1476 397 1514 sibi
417 1478 583 1522 quisque
602 1475 708 1512 facit.
733 1475 836 1512 Nam
856 1489 946 1512 cum
965 1480 1160 1522 prostrata
1179 1489 1318 1521 sopore

233 1536 352 1578 urget
369 1531 548 1568 membra
566 1533 678 1576 quies
698 1535 741 1568 et
759 1543 872 1567 mens
891 1533 976 1567 sine
995 1530 1172 1576 pondere
1192 1530 1308 1577 ludit,

233 1585 426 1633 quidquid
445 1585 535 1623 luce
554 1585 632 1623 fuit
649 1586 827 1623 tenebris
846 1588 940 1631 agit.
982 1584 1141 1631 Oppida
1159 1585 1265 1622 bello

232 1644 300 1688 qui
319 1644 450 1688 quatit
469 1645 512 1678 et
530 1640 695 1677 flammis
713 1639 955 1677 miserandas
974 1642 1078 1676 eruit
1096 1640 1226 1686 urbes,

231 1696 315 1734 tela
333 1695 445 1734 videt
463 1708 673 1741 versasque
692 1698 797 1732 acies
816 1700 860 1732 et
878 1694 1019 1732 funera
1037 1707 1178 1740 regum

231 1757 353 1797 atque
373 1750 623 1788 exundantes
642 1749 802 1796 profuso
821 1752 1013 1795 sanguine
1033 1762 1200 1795 campos.

232 1805 313 1852 Qui
333 1818 467 1843 causas
486 1818 597 1842 orare
617 1804 761 1850 solent,
780 1804 969 1851 legesque
989 1803 1197 1849 forumque

232 1866 275 1899 et
293 1860 426 1907 pavidi
445 1864 616 1897 cernunt
634 1859 830 1896 inclusum
850 1851 1004 1896 chorte1
1023 1858 1206 1895 tribunal.

232 1915 380 1954 Condit
398 1927 536 1953 avarus
556 1927 652 1961 opes
671 1914 952 1960 defossumque
972 1916 1126 1950 invenit
1145 1925 1294 1950 aurum.

485 2016 498 2038 ²
510 2017 633 2049 chorte
648 2016 843 2048 Mommsen
853 2025 864 2047 .·
887 2015 992 2047 corde
1007 2015 1049 2047 E.

343 2139 422 2178 360
