1534 2470
707 200 1049 239 FRAGMENTA

275 278 421 326 Quiris.
446 279 551 316 Item
566 279 675 317 idem
691 281 884 318 Horatius
897 272 1018 327 “quis
1033 287 1076 320 te
1088 281 1346 329 Quiritem?”
1362 287 1473 323 cuius

275 345 541 380 nominativus
562 345 639 380 erit
658 342 723 380 hic
744 342 935 390 Quirites,
955 349 1003 381 ut
1021 345 1120 383 dicit
1140 345 1349 384 Petronius

329 405 524 452 Pompeius
538 405 575 443 in
590 411 784 444 commento
799 406 890 444 artis
905 407 1047 445 Donati
1054 422 1095 455 p.
1114 409 1167 446 16
1171 410 1207 455 7,
1221 409 1246 446 9
1258 409 1300 447 K
1308 424 1321 446 .·
1342 410 1472 448 Nemo

273 469 372 508 dicit
395 459 495 506 “hic
519 468 729 516 Quirites”
755 469 827 507 sed
854 460 929 507 “hi
958 469 1175 517 Quirites‚”
1205 471 1302 511 licet
1327 473 1471 520 legeri-
1512 462 1515 463 ⁷

273 546 360 570 mus
385 531 472 570 hoc.
532 532 677 578 Legite
697 535 739 570 in
760 532 962 580 Petronio,
981 538 1024 571 et
1042 524 1255 573 invenietis
1274 535 1326 573 de
1345 538 1470 573 nomi-

272 598 407 633 nativo
438 595 628 642 singulari
659 595 735 633 hoe
762 595 925 634 factum.
986 597 1040 635 Et
1065 600 1122 635 ait
1143 598 1352 637 Petronius
1373 590 1471 638 “hie

273 659 450 707 Quirites
463 659 486 672 ’'

798 805 942 842 XXIII

319 867 580 917 grammaticus
593 868 638 906 de
652 867 772 905 dubiis
785 868 986 906 nominibus
996 883 1034 916 p.
1053 869 1080 906 5
1083 870 1202 915 '75223
1217 870 1258 908 Κ
1266 884 1280 907 .·
1305 870 1468 908 Fretum

269 935 428 979 generis
452 934 586 969 neutri
607 936 650 969 et
669 930 876 978 pluraliter
895 931 1012 978 freta,
1031 937 1078 969 ut
1103 931 1312 971 Petronius
1331 923 1469 972 “freta
1523 978 1534 989 .-

270 995 490 1034 Nereidum
498 994 521 1008 ''

786 1083 954 1127 XXIV*

322 1155 569 1201 Hieronymus
598 1154 636 1191 in
666 1153 821 1200 epistula
851 1153 901 1191 ad
931 1153 1201 1191 Demetriadem
1233 1153 1381 1192 CXXX
1411 1154 1464 1192 19
1526 1201 1530 1204 γ

265 1233 302 1267 p.
320 1219 401 1257 995
422 1218 457 1256 V
455 1217 622 1255 allarsii:
648 1216 946 1254 Cincinnatulos
966 1230 1108 1263 pueros
1123 1222 1167 1255 et
1181 1217 1464 1255 calamistratos
1483 1260 1486 1261 ⁷

268 1288 311 1320 et
335 1284 538 1329 peregrini
563 1283 686 1318 muris
705 1280 861 1318 olentes
887 1280 1106 1326 pelliculas,
1126 1280 1178 1318 de
1197 1281 1339 1327 quibus
1363 1280 1458 1318 illud

266 1346 419 1383 Arbitri
437 1349 500 1383 est

485 1398 611 1445 “Non
630 1408 735 1444 bene
755 1406 839 1444 olet
858 1410 925 1453 qui
940 1407 1044 1444 bene
1059 1419 1217 1453 semper
1231 1406 1351 1452 olet,”

264 1475 375 1520 quasi
387 1471 577 1519 quasdam
591 1475 724 1517 pestes
738 1475 780 1507 et
792 1483 947 1507 venena
961 1469 1176 1516 pudicitiae
1187 1472 1298 1516 virgo
1310 1469 1464 1508 devitet

790 1588 905 1625 XXV
913 1580 936 1603 '¹'

318 1653 532 1701 Fulgentius
559 1651 859 1699 mythologiarum
886 1651 935 1688 II
958 1651 984 1688 6
1003 1664 1044 1697 p.
1074 1651 1129 1688 80
1153 1650 1199 1688 de
1226 1649 1461 1688 Prometheo.-

264 1718 454 1765 Quamvis
482 1717 697 1761 Nicagoras
718 1744 726 1752 .
750 1743 757 1751 .
782 1743 789 1751 .
812 1714 918 1760 quod
945 1714 1091 1751 vulturi
1121 1716 1230 1751 iecur
1260 1713 1462 1759 praebeat,
1523 1706 1534 1725 '⁷'

264 1782 395 1819 livoris
428 1782 539 1827 quasi
571 1782 713 1826 pingat
745 1779 970 1823 imaginem.
1027 1776 1143 1814 Unde
1177 1781 1220 1814 et
1253 1775 1461 1814 Petronius

263 1845 425 1882 Arbiter
444 1846 501 1880 ait

476 1897 578 1953 “qui
596 1905 728 1942 voltur
746 1907 855 1942 iecur
874 1906 1060 1940 intimum
1081 1907 1259 1949 pererrat

479 1975 522 2008 et
539 1974 680 2016 pectus
699 1967 824 2005 trahit
843 1969 1082 2012 intimasque
1102 1965 1229 2011 fibras,

478 2045 559 2070 non
579 2036 640 2069 est
659 2044 779 2077 quem
798 2029 922 2076 lepidi
941 2033 1084 2066 vocant
1104 2033 1260 2074 poetae,

476 2095 547 2133 sed
566 2093 695 2132 cordis
714 2092 827 2139 mala,
846 2092 945 2129 livor
963 2096 1085 2137 atque
1105 2091 1220 2129 luxus
1228 2089 1253 2105 ’'
