1500 2470
144 915 195 954 ΞΘ

447 203 609 242 TITUS
641 203 952 244 PETRONIUS
982 205 1222 244 ARBITER

227 284 403 331 puellam
423 287 507 322 eius
527 287 671 322 aetatis
699 298 798 331 esse,
825 290 872 323 ut
896 285 1102 324 muliebris
1127 289 1347 333 patientiae
1372 286 1430 325 le-

226 361 320 393 gem
340 352 476 393 posset
494 350 686 394 accipere.
747 339 877 386 “Ita”
899 351 1031 395 inquit
1050 348 1249 396 Quartilla
1268 340 1430 387 “minor

226 415 289 448 est
308 413 384 447 ista
403 423 522 457 quam
543 424 619 457 ego
639 411 710 457 fui,
731 425 822 448 cum
841 414 1014 458 primum
1033 414 1160 449 virum
1179 425 1292 459 passa
1317 414 1430 450 sum?

228 473 424 511 Iunonem
443 487 574 511 meam
594 476 735 511 iratam
755 474 937 521 habeam,
958 477 990 512 si
1010 488 1186 521 unquam
1204 488 1270 513 me
1288 477 1429 513 memi-

226 539 355 574 nerim
375 539 571 582 virginem
592 537 724 575 fuisse.
786 537 890 575 Nam
919 543 962 575 et
989 538 1122 576 infans
1149 551 1241 576 eum
1268 539 1428 585 paribus

226 591 438 637 inclinata¹
460 613 560 646 sum,
577 605 620 638 et
640 601 809 638 subinde
825 594 1159 648 procedentibus²
1173 604 1287 639 annis
1305 605 1427 640 maio-

226 663 333 700 ribus
352 676 418 700 me
438 665 570 710 pueris
590 664 776 710 applicui,
797 664 926 702 donec
945 665 997 702 ad
1016 664 1120 702 hanc
1138 669 1315 702 aetatem
1337 678 1426 712 per-

224 729 327 763 veni.
388 726 499 763 Hinc
527 729 650 764 etiam
678 732 777 773 puto
805 728 1058 774 proverbium
1081 732 1221 765 natum
1247 727 1360 774 illud,
1380 733 1426 766 ut

223 789 379 827 dicatur
405 803 520 836 posse
547 794 705 827 taurum
725 790 881 837 tollere,
902 794 970 837 qui
989 791 1159 829 vitulum
1179 791 1423 829 sustulerit.''

225 852 355 899 Igitur
374 866 426 891 ne
442 856 632 891 maiorem
647 855 831 891 iniuriam
847 857 888 891 in
904 859 1059 892 secreto
1074 854 1198 892 frater
1211 857 1424 902 acciperet,

225 919 454 954 consurrexi
474 916 525 954 ad
545 917 715 954 officium
734 917 925 964 nuptiale.
987 917 1072 954 Iam
1094 917 1247 963 Psyche
1267 918 1425 965 puellae

224 979 345 1022 caput
363 975 585 1013 involverat
604 975 799 1022 flammeo,
820 979 899 1013 iam
919 977 1204 1014 embasicoetas
1223 976 1423 1023 praefere-

222 1035 292 1071 bat
310 1033 452 1080 facem,
473 1037 551 1071 iam
571 1035 704 1072 ebriae
730 1034 916 1072 mulieres
945 1035 1110 1081 longum
1138 1048 1284 1081 agmen
1312 1035 1422 1081 plau-

221 1092 365 1130 dentes
398 1092 579 1130 fecerant
611 1092 911 1139 thalamumque
949 1096 1101 1130 incesta
1135 1099 1423 1131 exornaverant

220 1156 345 1197 veste,
366 1144 482 1188 cum³
506 1151 703 1197 Quartilla
731 1165 889 1198 quoque
917 1153 1134 1188 iocantium
1162 1151 1329 1190 libidine
1357 1165 1421 1190 ac-

219 1223 338 1248 censa
358 1215 401 1247 et
418 1212 504 1256 ipsa
522 1212 694 1247 surrexit
709 1215 1015 1256 correptumque
1033 1210 1180 1247 Gitona
1199 1212 1242 1247 in
1261 1211 1416 1248 cubicu-

218 1273 302 1311 lum
321 1276 452 1311 traxit.

273 1332 369 1370 Sine
398 1332 520 1369 dubio
548 1345 629 1369 non
658 1337 950 1378 repugnaverat
980 1345 1092 1379 puer,
1123 1346 1168 1369 ac
1201 1345 1253 1370 ne
1287 1332 1420 1379 puella

218 1391 382 1438 quidem
411 1393 535 1428 tristis
565 1396 780 1437 expaverat
805 1394 1034 1438 nuptiarum
1057 1404 1214 1428 nomen.
1275 1390 1416 1437 Itaque

218 1463 310 1487 cum
337 1449 480 1486 inclusi
499 1452 689 1495 iacerent,
711 1449 962 1486 consedimus
981 1454 1076 1486 ante
1095 1449 1220 1486 limen
1239 1448 1417 1494 thalami,

217 1512 261 1546 et
288 1511 330 1545 in
359 1510 496 1554 primis
526 1507 724 1554 Quartilla
752 1521 824 1554 per
850 1510 990 1544 rimam
1012 1508 1191 1554 improbe
1212 1507 1414 1545 diductam

215 1566 464 1614 applicuerat
483 1566 641 1603 oculum
662 1569 859 1603 curiosum
878 1566 1088 1612 lusumque
1108 1566 1302 1613 puerilem
1327 1566 1415 1603 libi-

217 1626 355 1663 dinosa
374 1625 654 1672 speculabatur
674 1625 894 1671 diligentia.
955 1625 1024 1662 Me
1051 1637 1208 1671 quoque
1227 1624 1279 1662 ad
1307 1624 1415 1662 idem

215 1684 487 1730 spectaculum
502 1684 613 1722 lenta
627 1697 747 1720 manu
764 1687 898 1730 traxit,
915 1689 957 1721 et
971 1686 1063 1730 quia
1078 1683 1413 1721 considerantium

215 1734 501 1780 cohaeserant⁴
528 1742 675 1788 vultus,
705 1742 894 1788 quicquid
925 1756 948 1778 a
978 1741 1206 1788 spectaculo
1235 1742 1412 1787 vacabat,

213 1802 488 1839 commovebat
507 1802 637 1838 obiter
655 1801 766 1837 labra
786 1806 828 1838 et
846 1814 911 1837 me
931 1806 1122 1847 tanquam
1141 1800 1296 1838 furtivis
1321 1801 1412 1838 sub-

211 1860 306 1897 inde
326 1859 468 1896 osculis
487 1860 732 1896 verberabat.
755 1888 763 1895 .
787 1888 795 1895 .
819 1888 826 1895 .

256 1915 263 1932 ¹
278 1915 447 1946 inclinata
464 1914 673 1945 Buecheler:
689 1914 884 1955 inquinata.

252 1956 552 1999 2procedentibus
576 1957 769 1988 Burmann
794 1968 837 1988 on
862 1957 1046 1998 authority
1079 1957 1122 1999 qf
1154 1958 1178 1974 ‘⁴
1192 1956 1263 1988 Old
1289 1955 1412 1988 MS.'¹.·

210 2001 477 2043 prodeuntibus.

252 2042 266 2063 ³
278 2055 356 2077 cum
373 2044 582 2075 Buecheler:
598 2048 683 2074 tum.

252 2086 266 2106 ⁴
278 2087 516 2119 cohaeserant
530 2086 740 2118 Buecheler:
756 2087 960 2119 haeserant.

317 2144 368 2183 36
