1534 2470
139 702 190 736 10

455 209 656 248 LUCIUS
685 209 950 248 ANNAEUS
980 209 1192 249 SENECA

222 296 339 334 batur
359 297 546 335 Claudius
573 301 819 336 sententiam
844 301 1016 336 vincere.
1076 299 1276 337 Hercules
1302 306 1422 350 enim,

221 380 290 423 qui
309 377 465 415 videret
484 377 634 415 ferrum
653 391 769 416 suum
788 381 830 415 in
844 381 940 425 igne
960 391 1060 426 esse,
1075 379 1194 417 modo
1213 379 1293 417 huc
1303 378 1424 416 modo

220 459 315 498 illuc
335 461 519 498 cursabat
539 466 582 498 et
601 461 758 498 aiebat:
789 451 814 468 “
827 461 921 498 Noli
935 461 1035 499 mihi
1050 461 1243 508 invidere,
1257 475 1348 500 mea
1360 473 1423 498 res

219 542 375 585 agitur3
405 539 554 577 deinde
578 545 624 577 tu
651 543 683 577 si
710 540 806 586 quid
832 540 1016 587 volueris,
1041 543 1084 578 in
1103 543 1232 579 vicem
1256 541 1423 586 faciam3

219 632 360 656 manus
378 633 541 656 manum
560 619 705 657 lavat.”

273 699 386 736 Tunc
406 699 520 736 divus
539 699 747 745 Augustus
773 702 944 737 surrexit
969 703 1196 738 sententiae
1221 713 1316 738 suae
1334 699 1422 737 loco

219 778 429 824 dicendae,
445 783 488 815 et
507 791 661 815 summa
680 778 868 816 facundia
882 778 1093 816 disseruit:
1113 769 1139 786 “
1151 779 1239 825 Ego
1252 779 1274 793 ”
1291 781 1423 825 inquit

218 848 244 866 “
255 871 293 905 p.
316 871 348 895 c.
370 871 438 895 vos
464 863 591 896 testes
617 858 759 904 habeo,
779 871 829 895 ex
849 871 927 904 quo
947 858 1045 896 deus
1065 858 1193 896 factus
1214 871 1313 905 sum,
1333 859 1422 896 nul-

216 938 302 975 lum
320 951 386 976 me
405 939 571 976 verbum
594 938 733 976 fecisse
748 950 758 976 ε
787 951 945 984 semper
959 951 1095 975 meum
1109 941 1319 984 negotium
1332 951 1418 985 ago.

218 1017 299 1056 Sed
313 1030 396 1054 non
407 1030 567 1064 possum
579 1017 749 1063 amplius
764 1017 1025 1063 dissimulare,
1039 1022 1081 1055 et
1095 1017 1286 1064 dolorem,
1301 1031 1417 1064 quem

217 1100 441 1144 graviorem
460 1097 588 1144 pudor
608 1097 717 1143 facit,
738 1100 956 1135 continere.
1016 1097 1064 1134 In
1084 1097 1160 1135 hoc
1178 1102 1286 1135 terra
1303 1100 1419 1135 mari-

216 1190 295 1224 que
306 1190 446 1224 pacem
461 1177 628 1223 peperi?
663 1176 761 1214 Ideo
776 1176 904 1213 civilia
917 1175 1023 1213 bella
1038 1177 1287 1223 compescui?
1320 1176 1418 1215 Ideo

214 1257 371 1304 legibus
409 1257 550 1294 urbem
589 1256 765 1302 fundavi,
803 1256 988 1302 operibus
1026 1258 1173 1301 ornavi,
1220 1256 1416 1303 ut—quid

215 1337 346 1376 dicam
371 1350 408 1384 p.
432 1350 463 1374 c.
486 1349 568 1374 non
594 1339 779 1374 invenio:
809 1339 942 1373 omnia
970 1335 1073 1372 infra
1098 1335 1415 1382 indignationem

214 1418 336 1455 verba
368 1421 471 1454 sunt.
533 1416 856 1462 Confugiendum
889 1420 952 1453 est
981 1418 1118 1461 itaque
1144 1415 1196 1453 ad
1222 1415 1417 1453 Messalae

215 1497 385 1543 Corvini,
424 1497 673 1534 disertissimi
710 1498 796 1542 viri,
829 1495 940 1532 illam
972 1497 1216 1532 sententiam
1249 1485 1417 1541 “pudet

213 1576 408 1623 imperii.”
468 1576 562 1621 Hic,
596 1589 633 1622 p.
670 1588 718 1621 c.,
753 1577 820 1621 qui
850 1575 961 1611 vobis
993 1586 1076 1611 non
1112 1586 1227 1620 posse
1256 1573 1416 1611 videtur

213 1669 390 1694 muscam
405 1658 592 1700 excitare,
612 1659 696 1691 tam
716 1654 832 1691 facile
852 1654 1034 1691 homines
1054 1653 1275 1699 occidebat,
1295 1666 1412 1699 quam

213 1733 321 1768 canis
346 1729 503 1767 adsidit.
564 1729 645 1767 Sed
671 1728 769 1774 quid
799 1741 874 1774 ego
905 1728 957 1765 de
985 1732 1049 1764 tot
1073 1740 1118 1764 ac
1146 1727 1290 1764 talibus
1318 1730 1410 1766 viris

211 1805 370 1844 dicam?
427 1805 520 1841 Non
546 1808 660 1840 vacat
687 1802 834 1840 deflere
860 1802 1038 1849 publicas
1072 1801 1203 1839 clades
1236 1804 1411 1840 intuenti

212 1880 431 1917 domestica
450 1878 563 1915 mala.
623 1878 765 1924 Itaque
786 1877 853 1914 illa
873 1880 1068 1922 omittam,
1088 1876 1189 1914 haec
1217 1876 1411 1922 referam3

212 1969 305 1992 nam
339 1957 461 1992 etiam
490 1956 522 1991 si
556 1946 686 1990 soror1
715 1966 805 1990 mea
839 1953 992 1990 Graece
1026 1954 1168 1997 nescit,
1202 1964 1278 1997 ego
1310 1954 1410 1988 scio:

212 2029 343 2076 ἔγγιον
362 2027 455 2074 γόνυ
477 2025 632 2074 κνήμης.
693 2027 775 2064 Iste
796 2040 916 2072 quem
935 2025 1093 2071 videtis,
1114 2038 1185 2072 per
1204 2030 1266 2062 tot
1284 2038 1406 2063 annos

695 2097 813 2130 ²MSS.
832 2108 986 2131 sor-mea.

322 2155 399 2195 392
