1500 2470
410 187 573 226 TITUS
605 188 916 228 PETRONIUS
945 189 1186 227 ARBITER

191 269 367 304 metitur.
428 266 482 304 Et
509 268 640 314 modo,
661 267 781 306 modo
801 268 897 314 quid
924 268 1026 307 fuit?
1083 269 1272 316 Ignoscet
1297 269 1394 307 mihi

189 356 332 400 genius
352 360 458 402 tuus,
478 355 672 394 noluisses
692 356 744 394 de
764 369 885 394 manu
905 356 1010 395 illius
1033 370 1180 404 panem
1202 360 1392 404 accipere.

193 442 322 489 Nunc,
343 457 418 481 nec
439 443 535 490 quid
555 458 631 482 nec
651 458 786 492 quare,
806 447 848 482 in
872 445 1027 483 caelum
1049 446 1149 484 abiit
1168 451 1212 484 et
1229 445 1395 483 Trimal-

190 529 342 568 chionis
374 524 562 578 topanta1
593 537 665 571 est.
724 532 791 570 Ad
810 546 1018 580 summam,
1037 546 1148 571 mero
1167 533 1334 571 meridie
1363 535 1395 571 si

126 617 167 654 H
186 618 333 656 dixerit
361 619 420 656 illi
449 620 638 658 tenebras
667 633 767 667 esse,
796 620 946 659 credet.
982 612 988 667 Ι
1021 621 1113 668 Ipse
1141 624 1271 659 nescit
1298 620 1395 667 quid

111 1509 159 1543 88

191 714 350 762 habeat,
371 715 472 754 adeo
492 709 696 763 saplutus2
716 722 798 763 est;
818 718 890 756 sed
909 718 1008 756 haec
1023 717 1195 765 lupatria
1212 717 1396 764 providet

190 805 322 841 omnia
346 808 389 841 et
414 804 483 841 ubi
509 818 591 842 non
617 809 745 851 putes.
806 805 879 843 Est
905 808 1020 852 sicca,
1040 805 1181 851 sobria,
1202 805 1396 842 bonorum

191 888 444 926 consiliorum
465 880 642 935 [tantum
661 892 746 927 auri
765 882 907 936 vides]‚
929 895 991 928 est
1011 895 1147 928 tamen
1170 890 1297 927 malae
1320 889 1394 926 lin-

188 989 305 1023 guae,
325 979 414 1023 pica
433 976 660 1023 pulvinaris.
721 977 854 1024 Quem
873 982 993 1024 amat,
1013 982 1141 1022 amat3
1170 990 1290 1024 quem
1313 990 1391 1014 non

189 1069 309 1111 amat,
329 1077 412 1102 non
435 1069 553 1103 amat.
614 1065 706 1112 Ipse
730 1065 970 1102 Trimalchio
993 1064 1138 1102 fundos
1161 1064 1297 1111 habet,
1318 1077 1395 1110 qua

189 1152 299 1190 milvi
337 1153 486 1199 volant,
525 1166 778 1190 nummorum
815 1166 1008 1190 nummos.
1079 1152 1306 1199 Argentum
1352 1155 1395 1189 in

188 1243 337 1279 ostiarii
363 1240 468 1278 illius
495 1240 596 1278 cella
622 1241 711 1287 plus
738 1243 854 1287 iacet,
876 1254 995 1287 quam
1014 1243 1222 1287 quisquam
1248 1242 1290 1277 in
1316 1239 1394 1277 for-

189 1331 297 1367 tunis
317 1328 451 1366 habet.
494 1329 659 1366 Familia
684 1342 778 1366 vero
803 1329 929 1366 babae
956 1320 1114 1375 babae,³
1132 1341 1214 1365 non
1236 1327 1394 1366 meher-

189 1417 298 1455 cules
318 1420 417 1463 puto
437 1416 648 1454 decumam
667 1421 824 1462 partem
839 1429 925 1453 esse
941 1429 1042 1462 quae
1058 1415 1263 1453 dominum
1279 1428 1394 1452 suum

189 1507 356 1542 noverit.
415 1504 481 1542 Ad
501 1517 709 1550 summam,
730 1506 909 1550 quemvis
930 1516 979 1541 ex
998 1505 1084 1540 istis
1108 1502 1328 1540 babaecalis
1351 1505 1392 1539 in

188 1598 302 1630 rutae
323 1592 462 1629 folium
483 1594 664 1629 coniciet.
725 1592 811 1629 Nec
827 1596 889 1628 est
903 1590 1009 1637 quod
1025 1594 1142 1637 putes
1157 1590 1270 1627 illum
1284 1592 1393 1636 quic—

189 1689 308 1722 quam
329 1688 473 1713 emere.
535 1675 682 1713 Omnia
701 1674 810 1712 domi
829 1677 1065 1711 nascuntur:
1095 1672 1196 1718 lana,
1218 1671 1392 1718 credrae,

190 1761 316 1805 piper,
342 1758 447 1795 lacte
474 1757 740 1804 gallinaceum
767 1760 798 1794 si
825 1758 1052 1803 quaesieris,
1079 1757 1267 1792 invenies.
1328 1753 1392 1791 Ad

235 1868 242 1885 ¹
257 1867 426 1909 Topanta
443 1866 476 1898 is
491 1865 678 1906 colloquial
679 1863 744 1906 sor
759 1864 816 1896 the
835 1863 943 1896 Greek
958 1864 998 1895 τὰ
1014 1863 1120 1895 πάντα.
1139 1864 1161 1880 “
1173 1861 1258 1894 all.”

234 1926 428 1969 ²Saplutus
446 1926 477 1957 is
494 1925 551 1956 the
570 1924 676 1956 Greek
692 1924 867 1963 ζάπλουτος
883 1925 999 1964 “very
1011 1922 1121 1954 rich.”

235 1986 249 2007 ³
260 1986 384 2018 Babae
397 1985 514 2017 babae
531 1985 563 2016 is
578 1995 627 2015 an
639 1983 876 2016 exclamation
890 1983 936 2024 os
937 1982 1103 2023 surprise.
1132 1981 1174 2013 So
1186 1980 1392 2012 babaecalis

192 2030 307 2106 anotsse
322 2032 407 2062 next
421 2031 580 2061 sentence
597 2027 629 2058 is
644 2038 666 2058 a
687 2031 814 2068 person
837 2027 974 2067 always
996 2030 1110 2067 agape
1133 2024 1220 2056 with
1243 2024 1390 2062 wonder,

302 2122 353 2161 56
