1500 2470
524 186 664 227 SATY
669 187 838 228 RICON

78 267 373 306 embasicoetan
393 271 562 306 iusseras
581 269 706 306 dari.''
764 269 984 316 Complosit
1008 270 1078 307 illa
1101 274 1281 309 tenerius

77 342 217 368 manus
237 336 281 368 et
299 322 405 369 “0’'
425 334 559 378 inquit
578 322 816 370 “hominem
838 338 1003 370 acutum
1020 338 1143 379 atque
1162 334 1279 371 urba-

77 395 216 430 nitatis
234 394 471 432 vernaculae
491 395 657 433 fontem.
689 395 823 442 Quid?
843 401 889 433 tu
915 409 997 433 non
1022 397 1280 435 intellexeras

77 456 290 494 cinaedum
308 459 605 496 embasicoetan
619 459 806 496 vocari?”
829 459 990 497 Deinde
1004 465 1053 497 ut
1066 461 1279 498 contuber-

77 518 156 556 nali
186 533 279 558 meo
314 521 458 558 melius
495 521 744 568 succederet,
779 512 803 529 “
814 522 891 560 Per
927 522 1080 560 fidem”
1115 526 1279 570 inquam

77 571 103 589 “
115 587 302 630 vestram,
317 583 503 630 Ascyltos
522 587 565 622 in
583 585 660 622 hoc
678 585 854 622 triclinio
872 585 979 623 solus
998 585 1116 624 ferias
1134 587 1277 633 agit?''

78 636 208 683 “Ita”
228 649 362 694 inquit
386 647 586 693 Quartilla
605 638 683 686 “et
707 648 875 694 Ascylto
900 650 1187 687 embasicoetas
1209 649 1280 687 de-

77 713 182 750 tur.”
227 713 294 751 Ab
312 714 387 752 hac
406 728 504 753 voce
524 728 673 761 equum
692 715 882 753 cinaedus
900 719 1072 754 mutavit
1090 720 1280 755 transitu-

77 793 156 827 que
174 780 227 818 ad
245 784 434 820 comitem
452 795 587 820 meum
613 782 720 820 facto
748 782 932 821 clunibus
960 796 1054 821 eum
1082 784 1281 831 basiisque

76 847 260 885 disti-ivit„
294 840 301 893 Ι
319 849 461 887 Stabat
483 852 591 886 inter
610 849 710 887 haec
730 846 856 887 Giton
875 855 919 887 et
937 852 1017 887 risu
1037 850 1281 889 dissolvebat
1299 851 1371 890 LO

76 913 143 951 ilia
156 928 237 952 sua.
288 915 430 962 Itaque
450 919 677 963 conspicata
696 929 790 953 eum
809 915 1020 963 Quartilla,
1041 920 1152 955 cuius
1172 924 1279 956 esset

76 994 188 1028 puer,
207 982 513 1029 diligentissima
532 986 799 1021 sciscitatione
819 987 1024 1030 quaesivit.
1083 985 1185 1022 Cum
1204 999 1280 1033 ego

77 1048 242 1087 fratrem
253 1063 388 1089 meum
400 1064 486 1088 esse
499 1050 700 1096 dixissem,
712 1041 739 1058 “
747 1050 882 1097 Quare
895 1064 991 1098 ergo
999 1052 1022 1064 ’⁹
1037 1054 1170 1098 inquit
1181 1043 1206 1060 “
1214 1066 1280 1090 me

78 1128 160 1154 non
178 1116 403 1155 basiavit?’'
461 1118 735 1164 Vocatumque
755 1118 807 1155 ad
826 1131 868 1156 se
888 1121 931 1154 in
950 1118 1129 1156 osculum
1151 1120 1278 1166 appli-

79 1185 172 1220 cuit.
232 1184 327 1221 Mox
355 1198 518 1222 manum
546 1188 669 1222 etiam
696 1185 859 1223 demisit
887 1188 930 1222 in
959 1189 1091 1223 sinum
1119 1191 1163 1224 et
1190 1200 1279 1234 per-

78 1254 251 1288 trectato
276 1251 434 1288 vasculo
459 1257 543 1289 tam
571 1252 661 1289 rudi
680 1242 862 1289 “Haec”
884 1255 1015 1298 inquit
1035 1244 1176 1291 “belle
1195 1267 1279 1292 cras

78 1318 120 1353 in
138 1317 380 1363 promulside
399 1317 577 1356 libidinis
601 1323 761 1356 nostrae
786 1318 996 1356 militabit:
1022 1319 1143 1357 hodie
1169 1323 1277 1357 enim

77 1388 168 1429 post
185 1383 352 1420 asellum
371 1384 495 1421 diaria
513 1397 595 1421 non
614 1385 765 1422 sumo.”

130 1453 231 1491 Cum
263 1453 363 1491 haec
396 1454 562 1500 diceret,
595 1454 647 1491 ad
674 1468 812 1492 aurem
845 1458 930 1493 eius
961 1455 1114 1502 Psyche
1142 1456 1277 1495 ridens

75 1524 255 1567 accessit,
274 1526 317 1558 et
336 1535 427 1558 cum
446 1521 612 1559 dixisset
630 1525 765 1559 nescio
784 1522 894 1568 quid,
915 1513 1025 1568 “Ita,
1041 1523 1128 1560 ita'’
1146 1526 1278 1570 inquit

77 1587 275 1634 Quartilla
294 1579 432 1626 “bene
451 1588 703 1626 admonuisti.
737 1589 816 1626 Cur
834 1603 929 1635 non,
949 1592 1042 1636 quia
1060 1590 1276 1628 bellissima

76 1658 229 1692 ocoesio
257 1660 332 1702 est,
361 1655 636 1702 devirginatur
666 1655 890 1703 Pannychis
923 1657 1114 1694 nostra?”
1173 1657 1276 1695 Con-

3 1715 7 1722 ’
76 1724 269 1768 tinuoque
288 1722 482 1769 producta
500 1728 563 1760 est
582 1723 717 1770 puella
734 1726 829 1761 satis
857 1723 964 1761 bella
992 1728 1036 1761 et
1062 1737 1166 1770 quae
1194 1738 1276 1762 non

75 1788 165 1835 plus
183 1802 303 1835 quam
320 1795 477 1836 septem
495 1803 620 1828 annos
634 1790 783 1828 habere
798 1791 1021 1837 videbatur,
1037 1782 1115 1837 [et]
1130 1804 1178 1829 ea
1191 1794 1277 1838 ipsa

75 1868 177 1901 quae
191 1859 363 1903 primum
378 1870 468 1894 cum
484 1856 682 1904 Quartilla
696 1861 739 1894 in
754 1857 897 1895 cellam
908 1863 1074 1896 venerat
1086 1864 1272 1896 nostram.

76 1921 365 1961 Plaudentibus
385 1937 481 1971 ergo
500 1927 693 1962 universis
722 1930 765 1962 et
793 1925 1088 1972 postulantibus
1115 1928 1277 1972 nuptias

75 1979 294 2036 [fecerunt]
321 1990 509 2038 obstupui
536 2004 612 2038 ego
635 1997 678 2029 et
704 2005 780 2029 nec
808 1992 970 2038 Gitona,
989 1991 1278 2030 verecundissi-

74 2069 184 2094 mum
204 2070 385 2104 puerum,
406 2059 584 2096 sufficere
603 2058 696 2096 huic
715 2059 964 2106 petulantiae
982 2059 1184 2105 affirmavi,
1201 2071 1278 2097 nec

185 2125 237 2157 02
1114 2126 1165 2160 35

1308 1461 1358 1494 25
