<?xml version="1.0" encoding="UTF-8"?>
<!DOCTYPE html PUBLIC "-//W3C//DTD XHTML 1.0 Transitional//EN"
    "http://www.w3.org/TR/xhtml1/DTD/xhtml1-transitional.dtd">
<html xmlns="http://www.w3.org/1999/xhtml" xml:lang="en" lang="en">
 <head>
  <title>
</title>
<meta http-equiv="Content-Type" content="text/html;charset=utf-8" />
  <meta name='ocr-system' content='tesseract 3.04.00' />
  <meta name='ocr-capabilities' content='ocr_page ocr_carea ocr_par ocr_line ocrx_word'/>
</head>
<body>
  <div class='ocr_page' id='page_1' title='image "./petronius00petruoft_0262.png"; bbox 0 0 1534 2470; ppageno 0'>
   <div class='ocr_carea' id='block_1_1' title="bbox 139 1614 212 1648">
    <p class='ocr_par' dir='ltr' id='par_1_1' title="bbox 139 1614 212 1648">
     <span class='ocr_line' id='line_1_1' title="bbox 139 1614 212 1648; baseline -0.014 0"><span class='ocrx_word' id='word_1_1' title='bbox 139 1614 212 1648; x_wconf 83' lang='lat'>113</span> 
     </span>
    </p>
   </div>
   <div class='ocr_carea' id='block_1_2' title="bbox 462 183 1238 225">
    <p class='ocr_par' dir='ltr' id='par_1_2' title="bbox 462 183 1238 225">
     <span class='ocr_line' id='line_1_2' title="bbox 462 183 1238 225; baseline 0.004 -3"><span class='ocrx_word' id='word_1_2' title='bbox 462 183 623 223; x_wconf 92' lang='lat' dir='ltr'>TITUS</span> <span class='ocrx_word' id='word_1_3' title='bbox 655 185 967 224; x_wconf 89' lang='lat' dir='ltr'>PETRONIUS</span> <span class='ocrx_word' id='word_1_4' title='bbox 997 186 1238 225; x_wconf 86' lang='lat' dir='ltr'>ARBITER</span> 
     </span>
    </p>
   </div>
   <div class='ocr_carea' id='block_1_3' title="bbox 240 263 1498 2051">
    <p class='ocr_par' dir='ltr' id='par_1_3' title="bbox 240 263 1498 1587">
     <span class='ocr_line' id='line_1_3' title="bbox 240 263 1444 314; baseline 0.004 -13"><span class='ocrx_word' id='word_1_5' title='bbox 240 263 466 302; x_wconf 84' lang='lat' dir='ltr'>delectatus</span> <span class='ocrx_word' id='word_1_6' title='bbox 484 265 599 303; x_wconf 89' lang='lat' dir='ltr'>miles</span> <span class='ocrx_word' id='word_1_7' title='bbox 620 270 663 304; x_wconf 89' lang='lat' dir='ltr'>et</span> <span class='ocrx_word' id='word_1_8' title='bbox 682 265 808 303; x_wconf 83' lang='lat' dir='ltr'>forma</span> <span class='ocrx_word' id='word_1_9' title='bbox 826 265 1004 304; x_wconf 88' lang='lat' dir='ltr'>mulieris</span> <span class='ocrx_word' id='word_1_10' title='bbox 1019 271 1062 305; x_wconf 86' lang='lat' dir='ltr'>et</span> <span class='ocrx_word' id='word_1_11' title='bbox 1076 272 1245 314; x_wconf 82' lang='lat' dir='ltr'>secreto,</span> <span class='ocrx_word' id='word_1_12' title='bbox 1257 266 1444 314; x_wconf 85' lang='lat' dir='ltr'>quicquid</span> 
     </span>
     <span class='ocr_line' id='line_1_4' title="bbox 242 336 1444 385; baseline 0.003 -12"><span class='ocrx_word' id='word_1_13' title='bbox 242 336 335 373; x_wconf 93' lang='lat' dir='ltr'>boni</span> <span class='ocrx_word' id='word_1_14' title='bbox 355 350 427 383; x_wconf 88' lang='lat' dir='ltr'>per</span> <span class='ocrx_word' id='word_1_15' title='bbox 446 336 659 374; x_wconf 77' lang='lat' dir='ltr'>facultates</span> <span class='ocrx_word' id='word_1_16' title='bbox 678 342 849 383; x_wconf 87' lang='lat' dir='ltr'>poterat,</span> <span class='ocrx_word' id='word_1_17' title='bbox 870 339 1079 376; x_wconf 86' lang='lat' dir='ltr'>coemebat</span> <span class='ocrx_word' id='word_1_18' title='bbox 1098 343 1142 376; x_wconf 84' lang='lat' dir='ltr'>et</span> <span class='ocrx_word' id='word_1_19' title='bbox 1160 341 1286 385; x_wconf 80' lang='lat' dir='ltr'>prima</span> <span class='ocrx_word' id='word_1_20' title='bbox 1309 342 1444 378; x_wconf 76' lang='lat' dir='ltr'>statim</span> 
     </span>
     <span class='ocr_line' id='line_1_5' title="bbox 242 408 1445 456; baseline 0.002 -11"><span class='ocrx_word' id='word_1_21' title='bbox 242 413 361 446; x_wconf 88' lang='lat' dir='ltr'>nocte</span> <span class='ocrx_word' id='word_1_22' title='bbox 381 411 423 445; x_wconf 91' lang='lat' dir='ltr'>in</span> <span class='ocrx_word' id='word_1_23' title='bbox 442 413 748 446; x_wconf 83' lang='lat' dir='ltr'>monumentum</span> <span class='ocrx_word' id='word_1_24' title='bbox 763 408 930 447; x_wconf 87' lang='lat' dir='ltr'>ferebat.</span> <span class='ocrx_word' id='word_1_25' title='bbox 978 409 1120 456; x_wconf 85' lang='lat' dir='ltr'>Itaque</span> <span class='ocrx_word' id='word_1_26' title='bbox 1136 413 1252 448; x_wconf 89' lang='lat' dir='ltr'>unius</span> <span class='ocrx_word' id='word_1_27' title='bbox 1267 413 1445 448; x_wconf 83' lang='lat' dir='ltr'>cruciarii</span> 
     </span>
     <span class='ocr_line' id='line_1_6' title="bbox 242 475 1444 528; baseline 0.002 -11"><span class='ocrx_word' id='word_1_28' title='bbox 242 485 430 528; x_wconf 85' lang='lat' dir='ltr'>parentes</span> <span class='ocrx_word' id='word_1_29' title='bbox 463 485 510 518; x_wconf 93' lang='lat' dir='ltr'>ut</span> <span class='ocrx_word' id='word_1_30' title='bbox 542 475 730 518; x_wconf 80' lang='lat' dir='ltr'>viderunt</span> <span class='ocrx_word' id='word_1_31' title='bbox 760 480 934 518; x_wconf 87' lang='lat' dir='ltr'>laxatam</span> <span class='ocrx_word' id='word_1_32' title='bbox 967 481 1200 528; x_wconf 74' lang='lat' dir='ltr'>custodiam,</span> <span class='ocrx_word' id='word_1_33' title='bbox 1234 481 1444 520; x_wconf 77' lang='lat' dir='ltr'>detraxere</span> 
     </span>
     <span class='ocr_line' id='line_1_7' title="bbox 241 551 1439 598; baseline 0.002 -10"><span class='ocrx_word' id='word_1_34' title='bbox 241 557 360 589; x_wconf 91' lang='lat' dir='ltr'>nocte</span> <span class='ocrx_word' id='word_1_35' title='bbox 398 551 648 598; x_wconf 77' lang='lat' dir='ltr'>pendentem</span> <span class='ocrx_word' id='word_1_36' title='bbox 682 565 947 598; x_wconf 91' lang='lat' dir='ltr'>supremoque</span> <span class='ocrx_word' id='word_1_37' title='bbox 979 552 1272 591; x_wconf 81' lang='lat' dir='ltr'>mandaverunt</span> <span class='ocrx_word' id='word_1_38' title='bbox 1303 553 1439 591; x_wconf 90' lang='lat' dir='ltr'>officio.</span> 
     </span>
     <span class='ocr_line' id='line_1_8' title="bbox 241 623 1445 671; baseline 0.001 -10"><span class='ocrx_word' id='word_1_39' title='bbox 241 623 299 661; x_wconf 79' lang='lat' dir='ltr'>At</span> <span class='ocrx_word' id='word_1_40' title='bbox 317 623 432 661; x_wconf 90' lang='lat' dir='ltr'>miles</span> <span class='ocrx_word' id='word_1_41' title='bbox 458 626 778 670; x_wconf 90' lang='lat' dir='ltr'>circumscriptus</span> <span class='ocrx_word' id='word_1_42' title='bbox 801 623 899 661; x_wconf 92' lang='lat' dir='ltr'>dum</span> <span class='ocrx_word' id='word_1_43' title='bbox 921 623 1092 670; x_wconf 85' lang='lat' dir='ltr'>desidet,</span> <span class='ocrx_word' id='word_1_44' title='bbox 1116 629 1163 662; x_wconf 83' lang='lat' dir='ltr'>ut</span> <span class='ocrx_word' id='word_1_45' title='bbox 1190 629 1350 671; x_wconf 87' lang='lat' dir='ltr'>postero</span> <span class='ocrx_word' id='word_1_46' title='bbox 1377 624 1445 663; x_wconf 88' lang='lat' dir='ltr'>die·</span> 
     </span>
     <span class='ocr_line' id='line_1_9' title="bbox 242 694 1444 743; baseline 0.001 -11"><span class='ocrx_word' id='word_1_47' title='bbox 242 695 342 733; x_wconf 86' lang='lat' dir='ltr'>vidit</span> <span class='ocrx_word' id='word_1_48' title='bbox 361 708 482 732; x_wconf 91' lang='lat' dir='ltr'>unam</span> <span class='ocrx_word' id='word_1_49' title='bbox 502 697 587 732; x_wconf 90' lang='lat' dir='ltr'>sine</span> <span class='ocrx_word' id='word_1_50' title='bbox 607 694 798 732; x_wconf 88' lang='lat' dir='ltr'>cadavere</span> <span class='ocrx_word' id='word_1_51' title='bbox 826 708 998 742; x_wconf 86' lang='lat' dir='ltr'>crucem,</span> <span class='ocrx_word' id='word_1_52' title='bbox 1021 698 1170 733; x_wconf 88' lang='lat' dir='ltr'>veritus</span> <span class='ocrx_word' id='word_1_53' title='bbox 1194 695 1444 743; x_wconf 89' lang='lat' dir='ltr'>supplicium,</span> 
     </span>
     <span class='ocr_line' id='line_1_10' title="bbox 241 766 1444 814; baseline 0.001 -10"><span class='ocrx_word' id='word_1_54' title='bbox 241 767 399 804; x_wconf 90' lang='lat' dir='ltr'>mulieri</span> <span class='ocrx_word' id='word_1_55' title='bbox 419 766 515 813; x_wconf 92' lang='lat' dir='ltr'>quid</span> <span class='ocrx_word' id='word_1_56' title='bbox 530 766 740 804; x_wconf 88' lang='lat' dir='ltr'>accidisset</span> <span class='ocrx_word' id='word_1_57' title='bbox 755 769 941 813; x_wconf 89' lang='lat' dir='ltr'>exponit:</span> <span class='ocrx_word' id='word_1_58' title='bbox 960 779 1037 804; x_wconf 91' lang='lat' dir='ltr'>nec</span> <span class='ocrx_word' id='word_1_59' title='bbox 1056 780 1098 805; x_wconf 91' lang='lat' dir='ltr'>se</span> <span class='ocrx_word' id='word_1_60' title='bbox 1119 771 1444 814; x_wconf 79' lang='lat' dir='ltr'>exspectaturum</span> 
     </span>
     <span class='ocr_line' id='line_1_11' title="bbox 241 837 1444 884; baseline 0.001 -9"><span class='ocrx_word' id='word_1_61' title='bbox 241 838 382 875; x_wconf 92' lang='lat' dir='ltr'>iudicis</span> <span class='ocrx_word' id='word_1_62' title='bbox 408 840 666 883; x_wconf 85' lang='lat' dir='ltr'>sententiam,</span> <span class='ocrx_word' id='word_1_63' title='bbox 693 837 764 875; x_wconf 89' lang='lat' dir='ltr'>sed</span> <span class='ocrx_word' id='word_1_64' title='bbox 789 837 923 883; x_wconf 88' lang='lat' dir='ltr'>gladio</span> <span class='ocrx_word' id='word_1_65' title='bbox 951 840 1011 875; x_wconf 90' lang='lat' dir='ltr'>ius</span> <span class='ocrx_word' id='word_1_66' title='bbox 1040 837 1240 876; x_wconf 87' lang='lat' dir='ltr'>dicturum</span> <span class='ocrx_word' id='word_1_67' title='bbox 1263 840 1444 884; x_wconf 83' lang='lat' dir='ltr'>ignaviae</span> 
     </span>
     <span class='ocr_line' id='line_1_12' title="bbox 242 908 1444 956; baseline 0 -8"><span class='ocrx_word' id='word_1_68' title='bbox 242 923 346 948; x_wconf 90' lang='lat' dir='ltr'>suae.</span> <span class='ocrx_word' id='word_1_69' title='bbox 406 908 686 947; x_wconf 82' lang='lat' dir='ltr'>Commodaret</span> <span class='ocrx_word' id='word_1_70' title='bbox 707 922 802 955; x_wconf 86' lang='lat' dir='ltr'>ergo</span> <span class='ocrx_word' id='word_1_71' title='bbox 821 908 889 946; x_wconf 90' lang='lat' dir='ltr'>illa</span> <span class='ocrx_word' id='word_1_72' title='bbox 908 912 1086 956; x_wconf 89' lang='lat' dir='ltr'>perituro</span> <span class='ocrx_word' id='word_1_73' title='bbox 1105 909 1237 947; x_wconf 93' lang='lat' dir='ltr'>locum</span> <span class='ocrx_word' id='word_1_74' title='bbox 1256 914 1300 947; x_wconf 86' lang='lat' dir='ltr'>et</span> <span class='ocrx_word' id='word_1_75' title='bbox 1321 909 1444 948; x_wconf 84' lang='lat' dir='ltr'>fatale</span> 
     </span>
     <span class='ocr_line' id='line_1_13' title="bbox 241 980 1444 1019; baseline 0 -1"><span class='ocrx_word' id='word_1_76' title='bbox 241 981 507 1019; x_wconf 88' lang='lat' dir='ltr'>conditorium</span> <span class='ocrx_word' id='word_1_77' title='bbox 537 980 719 1017; x_wconf 83' lang='lat' dir='ltr'>familiari</span> <span class='ocrx_word' id='word_1_78' title='bbox 757 994 803 1018; x_wconf 89' lang='lat' dir='ltr'>ac</span> <span class='ocrx_word' id='word_1_79' title='bbox 841 983 924 1018; x_wconf 89' lang='lat' dir='ltr'>viro</span> <span class='ocrx_word' id='word_1_80' title='bbox 961 980 1122 1018; x_wconf 88' lang='lat' dir='ltr'>faceret.</span> <span class='ocrx_word' id='word_1_81' title='bbox 1183 980 1330 1018; x_wconf 93' lang='lat' dir='ltr'>Mulier</span> <span class='ocrx_word' id='word_1_82' title='bbox 1361 993 1444 1018; x_wconf 93' lang='lat' dir='ltr'>non</span> 
     </span>
     <span class='ocr_line' id='line_1_14' title="bbox 241 1042 1444 1099; baseline -0.001 -9"><span class='ocrx_word' id='word_1_83' title='bbox 241 1056 371 1090; x_wconf 88' lang='lat' dir='ltr'>minus</span> <span class='ocrx_word' id='word_1_84' title='bbox 390 1055 611 1090; x_wconf 86' lang='lat' dir='ltr'>misericors</span> <span class='ocrx_word' id='word_1_85' title='bbox 639 1065 758 1098; x_wconf 91' lang='lat' dir='ltr'>quam</span> <span class='ocrx_word' id='word_1_86' title='bbox 784 1051 928 1098; x_wconf 89' lang='lat' dir='ltr'>pudica</span> <span class='ocrx_word' id='word_1_87' title='bbox 955 1042 1027 1089; x_wconf 87' lang='lat' dir='ltr'>‘ne</span> <span class='ocrx_word' id='word_1_88' title='bbox 1054 1051 1180 1089; x_wconf 85' lang='lat' dir='ltr'>istud&#39;</span> <span class='ocrx_word' id='word_1_89' title='bbox 1210 1054 1341 1099; x_wconf 86' lang='lat' dir='ltr'>inquit</span> <span class='ocrx_word' id='word_1_90' title='bbox 1367 1042 1444 1089; x_wconf 87' lang='lat' dir='ltr'>‘dii</span> 
     </span>
     <span class='ocr_line' id='line_1_15' title="bbox 242 1123 1443 1170; baseline -0.002 -8"><span class='ocrx_word' id='word_1_91' title='bbox 242 1127 388 1170; x_wconf 85' lang='lat' dir='ltr'>sinant,</span> <span class='ocrx_word' id='word_1_92' title='bbox 407 1129 454 1161; x_wconf 87' lang='lat' dir='ltr'>ut</span> <span class='ocrx_word' id='word_1_93' title='bbox 474 1123 616 1161; x_wconf 90' lang='lat' dir='ltr'>eodem</span> <span class='ocrx_word' id='word_1_94' title='bbox 635 1128 816 1170; x_wconf 89' lang='lat' dir='ltr'>tempore</span> <span class='ocrx_word' id='word_1_95' title='bbox 842 1123 1010 1160; x_wconf 90' lang='lat' dir='ltr'>duorum</span> <span class='ocrx_word' id='word_1_96' title='bbox 1032 1123 1131 1160; x_wconf 87' lang='lat' dir='ltr'>mihi</span> <span class='ocrx_word' id='word_1_97' title='bbox 1155 1125 1443 1161; x_wconf 87' lang='lat' dir='ltr'>carissimorum</span> 
     </span>
     <span class='ocr_line' id='line_1_16' title="bbox 242 1193 1498 1246; baseline -0.001 -13"><span class='ocrx_word' id='word_1_98' title='bbox 242 1195 448 1234; x_wconf 91' lang='lat' dir='ltr'>hominum</span> <span class='ocrx_word' id='word_1_99' title='bbox 479 1194 559 1232; x_wconf 92' lang='lat' dir='ltr'>duo</span> <span class='ocrx_word' id='word_1_100' title='bbox 589 1193 731 1231; x_wconf 89' lang='lat' dir='ltr'>funera</span> <span class='ocrx_word' id='word_1_101' title='bbox 761 1199 951 1240; x_wconf 88' lang='lat' dir='ltr'>spectem.</span> <span class='ocrx_word' id='word_1_102' title='bbox 1011 1194 1120 1231; x_wconf 92' lang='lat' dir='ltr'>Malo</span> <span class='ocrx_word' id='word_1_103' title='bbox 1144 1199 1347 1232; x_wconf 87' lang='lat' dir='ltr'>mortuum</span> <span class='ocrx_word' id='word_1_104' title='bbox 1369 1196 1443 1232; x_wconf 81' lang='lat' dir='ltr'>im·</span> <span class='ocrx_word' id='word_1_105' title='bbox 1495 1243 1498 1246; x_wconf 13' lang='grc' dir='ltr'><strong><em>ἢ</em></strong></span> 
     </span>
     <span class='ocr_line' id='line_1_17' title="bbox 242 1265 1443 1314; baseline -0.001 -10"><span class='ocrx_word' id='word_1_106' title='bbox 242 1267 419 1314; x_wconf 88' lang='lat' dir='ltr'>pendere</span> <span class='ocrx_word' id='word_1_107' title='bbox 457 1279 577 1312; x_wconf 91' lang='lat' dir='ltr'>quam</span> <span class='ocrx_word' id='word_1_108' title='bbox 614 1268 748 1302; x_wconf 89' lang='lat' dir='ltr'>vivum</span> <span class='ocrx_word' id='word_1_109' title='bbox 785 1265 992 1303; x_wconf 89' lang='lat' dir='ltr'>occidere.’</span> <span class='ocrx_word' id='word_1_110' title='bbox 1072 1265 1302 1303; x_wconf 90' lang='lat' dir='ltr'>Secundum</span> <span class='ocrx_word' id='word_1_111' title='bbox 1338 1265 1443 1303; x_wconf 84' lang='lat' dir='ltr'>hanc</span> 
     </span>
     <span class='ocr_line' id='line_1_18' title="bbox 242 1336 1440 1383; baseline -0.001 -7"><span class='ocrx_word' id='word_1_112' title='bbox 242 1341 463 1376; x_wconf 90' lang='lat' dir='ltr'>orationem</span> <span class='ocrx_word' id='word_1_113' title='bbox 482 1338 595 1375; x_wconf 83' lang='lat' dir='ltr'>iubet</span> <span class='ocrx_word' id='word_1_114' title='bbox 615 1350 664 1375; x_wconf 89' lang='lat' dir='ltr'>ex</span> <span class='ocrx_word' id='word_1_115' title='bbox 684 1350 774 1374; x_wconf 89' lang='lat' dir='ltr'>arca</span> <span class='ocrx_word' id='word_1_116' title='bbox 797 1350 937 1383; x_wconf 91' lang='lat' dir='ltr'>corpus</span> <span class='ocrx_word' id='word_1_117' title='bbox 962 1339 1094 1374; x_wconf 85' lang='lat' dir='ltr'>mariti</span> <span class='ocrx_word' id='word_1_118' title='bbox 1120 1340 1180 1374; x_wconf 93' lang='lat' dir='ltr'>sui</span> <span class='ocrx_word' id='word_1_119' title='bbox 1205 1336 1294 1374; x_wconf 84' lang='lat' dir='ltr'>tolli</span> <span class='ocrx_word' id='word_1_120' title='bbox 1321 1341 1440 1383; x_wconf 85' lang='lat' dir='ltr'>atque</span> 
     </span>
     <span class='ocr_line' id='line_1_19' title="bbox 242 1406 1443 1456; baseline -0.002 -10"><span class='ocrx_word' id='word_1_121' title='bbox 242 1410 313 1456; x_wconf 90' lang='lat' dir='ltr'>illi,</span> <span class='ocrx_word' id='word_1_122' title='bbox 333 1422 434 1455; x_wconf 89' lang='lat' dir='ltr'>quae</span> <span class='ocrx_word' id='word_1_123' title='bbox 455 1408 632 1453; x_wconf 85' lang='lat' dir='ltr'>vacabat,</span> <span class='ocrx_word' id='word_1_124' title='bbox 653 1410 760 1444; x_wconf 88' lang='lat' dir='ltr'>cruci</span> <span class='ocrx_word' id='word_1_125' title='bbox 774 1407 889 1452; x_wconf 87' lang='lat' dir='ltr'>affigi.</span> <span class='ocrx_word' id='word_1_126' title='bbox 942 1407 1045 1444; x_wconf 91' lang='lat' dir='ltr'>Usus</span> <span class='ocrx_word' id='word_1_127' title='bbox 1067 1412 1128 1444; x_wconf 85' lang='lat' dir='ltr'>est</span> <span class='ocrx_word' id='word_1_128' title='bbox 1146 1406 1261 1444; x_wconf 90' lang='lat' dir='ltr'>miles</span> <span class='ocrx_word' id='word_1_129' title='bbox 1280 1409 1443 1452; x_wconf 85' lang='lat' dir='ltr'>ingenio</span> 
     </span>
     <span class='ocr_line' id='line_1_20' title="bbox 242 1473 1442 1523; baseline -0.002 -10"><span class='ocrx_word' id='word_1_130' title='bbox 242 1476 574 1523; x_wconf 89' lang='lat' dir='ltr'>prudentissimae</span> <span class='ocrx_word' id='word_1_131' title='bbox 603 1474 791 1519; x_wconf 89' lang='lat' dir='ltr'>feminae,</span> <span class='ocrx_word' id='word_1_132' title='bbox 817 1478 1057 1520; x_wconf 89' lang='lat' dir='ltr'>posteroque</span> <span class='ocrx_word' id='word_1_133' title='bbox 1084 1473 1150 1511; x_wconf 91' lang='lat' dir='ltr'>die</span> <span class='ocrx_word' id='word_1_134' title='bbox 1178 1473 1347 1519; x_wconf 93' lang='lat' dir='ltr'>populus</span> <span class='ocrx_word' id='word_1_135' title='bbox 1369 1476 1442 1511; x_wconf 87' lang='lat' dir='ltr'>mi-</span> 
     </span>
     <span class='ocr_line' id='line_1_21' title="bbox 241 1539 1304 1587; baseline -0.004 -7"><span class='ocrx_word' id='word_1_136' title='bbox 241 1548 350 1580; x_wconf 86' lang='lat' dir='ltr'>ratus</span> <span class='ocrx_word' id='word_1_137' title='bbox 370 1546 443 1587; x_wconf 87' lang='lat' dir='ltr'>est,</span> <span class='ocrx_word' id='word_1_138' title='bbox 465 1554 542 1587; x_wconf 90' lang='lat' dir='ltr'>qua</span> <span class='ocrx_word' id='word_1_139' title='bbox 560 1543 714 1578; x_wconf 85' lang='lat' dir='ltr'>ratione</span> <span class='ocrx_word' id='word_1_140' title='bbox 733 1544 912 1577; x_wconf 81' lang='lat' dir='ltr'>mortuus</span> <span class='ocrx_word' id='word_1_141' title='bbox 932 1542 1028 1577; x_wconf 86' lang='lat' dir='ltr'>isset</span> <span class='ocrx_word' id='word_1_142' title='bbox 1046 1542 1089 1576; x_wconf 90' lang='lat' dir='ltr'>in</span> <span class='ocrx_word' id='word_1_143' title='bbox 1108 1539 1304 1577; x_wconf 86' lang='lat' dir='ltr'>crucem.’&#39;</span> 
     </span>
    </p>

    <p class='ocr_par' dir='ltr' id='par_1_4' title="bbox 241 1596 1496 1986">
     <span class='ocr_line' id='line_1_22' title="bbox 299 1596 1442 1654; baseline -0.003 -8"><span class='ocrx_word' id='word_1_144' title='bbox 299 1609 393 1646; x_wconf 90' lang='lat' dir='ltr'>Risu</span> <span class='ocrx_word' id='word_1_145' title='bbox 409 1620 603 1654; x_wconf 89' lang='lat' dir='ltr'>excepere</span> <span class='ocrx_word' id='word_1_146' title='bbox 618 1606 794 1643; x_wconf 86' lang='lat' dir='ltr'>fabulam</span> <span class='ocrx_word' id='word_1_147' title='bbox 808 1610 967 1651; x_wconf 89' lang='lat' dir='ltr'>nautae,</span> <span class='ocrx_word' id='word_1_148' title='bbox 985 1596 1062 1651; x_wconf 84' lang='lat' dir='ltr'>[et]</span> <span class='ocrx_word' id='word_1_149' title='bbox 1079 1606 1341 1643; x_wconf 85' lang='lat' dir='ltr'>erubescente</span> <span class='ocrx_word' id='word_1_150' title='bbox 1360 1618 1442 1643; x_wconf 91' lang='lat' dir='ltr'>non</span> 
     </span>
     <span class='ocr_line' id='line_1_23' title="bbox 241 1672 1441 1720; baseline -0.003 -8"><span class='ocrx_word' id='word_1_151' title='bbox 241 1675 496 1713; x_wconf 86' lang='lat' dir='ltr'>mediocriter</span> <span class='ocrx_word' id='word_1_152' title='bbox 519 1673 757 1720; x_wconf 86' lang='lat' dir='ltr'>Tryphaena</span> <span class='ocrx_word' id='word_1_153' title='bbox 780 1672 1014 1718; x_wconf 84' lang='lat' dir='ltr'>vultumque</span> <span class='ocrx_word' id='word_1_154' title='bbox 1039 1685 1154 1709; x_wconf 90' lang='lat' dir='ltr'>suum</span> <span class='ocrx_word' id='word_1_155' title='bbox 1177 1684 1296 1718; x_wconf 90' lang='lat' dir='ltr'>super</span> <span class='ocrx_word' id='word_1_156' title='bbox 1318 1675 1441 1709; x_wconf 90' lang='lat' dir='ltr'>cervi-</span> 
     </span>
     <span class='ocr_line' id='line_1_24' title="bbox 242 1737 1439 1785; baseline -0.004 -5"><span class='ocrx_word' id='word_1_157' title='bbox 242 1755 331 1780; x_wconf 92' lang='lat' dir='ltr'>cem</span> <span class='ocrx_word' id='word_1_158' title='bbox 347 1742 505 1779; x_wconf 89' lang='lat' dir='ltr'>Gitonis</span> <span class='ocrx_word' id='word_1_159' title='bbox 525 1739 749 1776; x_wconf 87' lang='lat' dir='ltr'>amabiliter</span> <span class='ocrx_word' id='word_1_160' title='bbox 768 1744 956 1785; x_wconf 86' lang='lat' dir='ltr'>ponente.</span> <span class='ocrx_word' id='word_1_161' title='bbox 1016 1738 1074 1775; x_wconf 86' lang='lat' dir='ltr'>At</span> <span class='ocrx_word' id='word_1_162' title='bbox 1088 1751 1169 1775; x_wconf 95' lang='lat' dir='ltr'>non</span> <span class='ocrx_word' id='word_1_163' title='bbox 1186 1737 1328 1776; x_wconf 90' lang='lat' dir='ltr'>Lichas</span> <span class='ocrx_word' id='word_1_164' title='bbox 1341 1741 1439 1784; x_wconf 86' lang='lat' dir='ltr'>risit,</span> 
     </span>
     <span class='ocr_line' id='line_1_25' title="bbox 242 1795 1440 1851; baseline -0.004 -4"><span class='ocrx_word' id='word_1_165' title='bbox 242 1809 314 1847; x_wconf 90' lang='lat' dir='ltr'>sed</span> <span class='ocrx_word' id='word_1_166' title='bbox 332 1811 478 1845; x_wconf 88' lang='lat' dir='ltr'>iratum</span> <span class='ocrx_word' id='word_1_167' title='bbox 502 1818 753 1844; x_wconf 89' lang='lat' dir='ltr'>commovens</span> <span class='ocrx_word' id='word_1_168' title='bbox 777 1810 898 1851; x_wconf 87' lang='lat' dir='ltr'>caput</span> <span class='ocrx_word' id='word_1_169' title='bbox 917 1795 943 1813; x_wconf 82' lang='lat'><em>“</em></span> <span class='ocrx_word' id='word_1_170' title='bbox 951 1805 992 1843; x_wconf 92' lang='lat' dir='ltr'>Si</span> <span class='ocrx_word' id='word_1_171' title='bbox 1012 1804 1169 1842; x_wconf 86' lang='lat' dir='ltr'>iustus”</span> <span class='ocrx_word' id='word_1_172' title='bbox 1192 1807 1323 1851; x_wconf 81' lang='lat' dir='ltr'>inquit</span> <span class='ocrx_word' id='word_1_173' title='bbox 1335 1796 1440 1842; x_wconf 76' lang='lat' dir='ltr'>“im-</span> 
     </span>
     <span class='ocr_line' id='line_1_26' title="bbox 242 1870 1496 1923; baseline -0.005 -10"><span class='ocrx_word' id='word_1_174' title='bbox 242 1880 402 1923; x_wconf 88' lang='lat' dir='ltr'>perator</span> <span class='ocrx_word' id='word_1_175' title='bbox 421 1874 574 1919; x_wconf 83' lang='lat' dir='ltr'>fuisset,</span> <span class='ocrx_word' id='word_1_176' title='bbox 595 1873 735 1910; x_wconf 90' lang='lat' dir='ltr'>debuit</span> <span class='ocrx_word' id='word_1_177' title='bbox 755 1874 877 1918; x_wconf 89' lang='lat' dir='ltr'>patris</span> <span class='ocrx_word' id='word_1_178' title='bbox 897 1871 1069 1908; x_wconf 85' lang='lat' dir='ltr'>familiae</span> <span class='ocrx_word' id='word_1_179' title='bbox 1090 1884 1230 1918; x_wconf 92' lang='lat' dir='ltr'>corpus</span> <span class='ocrx_word' id='word_1_180' title='bbox 1244 1874 1287 1908; x_wconf 87' lang='lat' dir='ltr'>in</span> <span class='ocrx_word' id='word_1_181' title='bbox 1301 1885 1439 1909; x_wconf 90' lang='lat' dir='ltr'>monu-</span> <span class='ocrx_word' id='word_1_182' title='bbox 1492 1870 1496 1874; x_wconf 54' lang='lat'><strong><em>⁴</em></strong></span> 
     </span>
     <span class='ocr_line' id='line_1_27' title="bbox 242 1938 1179 1986; baseline -0.007 -5"><span class='ocrx_word' id='word_1_183' title='bbox 242 1947 425 1981; x_wconf 88' lang='lat' dir='ltr'>mentum</span> <span class='ocrx_word' id='word_1_184' title='bbox 445 1940 607 1986; x_wconf 90' lang='lat' dir='ltr'>referre,</span> <span class='ocrx_word' id='word_1_185' title='bbox 627 1939 836 1976; x_wconf 89' lang='lat' dir='ltr'>mulierem</span> <span class='ocrx_word' id='word_1_186' title='bbox 855 1939 1014 1984; x_wconf 84' lang='lat' dir='ltr'>affigere</span> <span class='ocrx_word' id='word_1_187' title='bbox 1035 1938 1179 1975; x_wconf 88' lang='lat' dir='ltr'>cruci.’&#39;</span> 
     </span>
    </p>

    <p class='ocr_par' dir='ltr' id='par_1_5' title="bbox 297 2004 1438 2051">
     <span class='ocr_line' id='line_1_28' title="bbox 297 2004 1438 2051; baseline -0.004 -5"><span class='ocrx_word' id='word_1_188' title='bbox 297 2009 390 2046; x_wconf 93' lang='lat' dir='ltr'>Non</span> <span class='ocrx_word' id='word_1_189' title='bbox 409 2007 530 2045; x_wconf 91' lang='lat' dir='ltr'>dubie</span> <span class='ocrx_word' id='word_1_190' title='bbox 554 2006 728 2043; x_wconf 89' lang='lat' dir='ltr'>redierat</span> <span class='ocrx_word' id='word_1_191' title='bbox 750 2008 792 2042; x_wconf 92' lang='lat' dir='ltr'>in</span> <span class='ocrx_word' id='word_1_192' title='bbox 815 2007 991 2042; x_wconf 88' lang='lat' dir='ltr'>animum</span> <span class='ocrx_word' id='word_1_193' title='bbox 1015 2004 1178 2050; x_wconf 88' lang='lat' dir='ltr'>Hedyle</span> <span class='ocrx_word' id='word_1_194' title='bbox 1203 2004 1438 2051; x_wconf 82' lang='lat' dir='ltr'>expilatum-</span> 
     </span>
    </p>
   </div>
   <div class='ocr_carea' id='block_1_4' title="bbox 243 2070 1436 2171">
    <p class='ocr_par' dir='ltr' id='par_1_6' title="bbox 243 2070 1436 2171">
     <span class='ocr_line' id='line_1_29' title="bbox 243 2070 1436 2124; baseline -0.004 -10"><span class='ocrx_word' id='word_1_195' title='bbox 243 2089 320 2124; x_wconf 91' lang='lat' dir='ltr'>que</span> <span class='ocrx_word' id='word_1_196' title='bbox 333 2075 544 2113; x_wconf 81' lang='lat' dir='ltr'>libidinosa</span> <span class='ocrx_word' id='word_1_197' title='bbox 558 2075 795 2119; x_wconf 87' lang='lat' dir='ltr'>migratione</span> <span class='ocrx_word' id='word_1_198' title='bbox 810 2074 1020 2117; x_wconf 83' lang='lat' dir='ltr'>navigium.</span> <span class='ocrx_word' id='word_1_199' title='bbox 1081 2070 1160 2109; x_wconf 90' lang='lat' dir='ltr'>Sed</span> <span class='ocrx_word' id='word_1_200' title='bbox 1176 2084 1251 2108; x_wconf 82' lang='lat' dir='ltr'>nec</span> <span class='ocrx_word' id='word_1_201' title='bbox 1265 2070 1436 2109; x_wconf 83' lang='lat' dir='ltr'>foederis</span> 
     </span>
     <span class='ocr_line' id='line_1_30' title="bbox 352 2138 431 2171; baseline 0 0"><span class='ocrx_word' id='word_1_202' title='bbox 352 2138 431 2171; x_wconf 81' lang='grc'><strong>234·</strong></span> 
     </span>
    </p>
   </div>
  </div>
 </body>
</html>
