1534 2470
498 172 660 213 TITUS
690 173 1002 216 PETRONIUS
1030 176 1270 216 ARBITER

277 256 449 301 emergit
467 254 549 292 late
570 254 677 293 Ditis
696 255 851 302 chorus,
871 256 1030 295 horrida
1049 257 1193 305 Erinys

278 331 321 364 et
340 326 506 364 Bellona
525 329 659 364 minax
679 327 909 374 facibusque
928 334 1080 366 armata
1099 329 1288 376 Megaera

278 397 505 444 Letumque
527 397 780 445 Insidiaeque
800 404 843 437 et
861 399 990 437 lurida
1010 400 1152 438 Mortis
1170 403 1312 447 imago.

277 469 386 517 Quas
405 472 513 508 inter
532 470 668 517 Furor,
688 471 867 517 abruptis
887 484 961 509 ceu
980 471 1082 510 liber
1100 471 1280 519 habenis,

276 544 539 588 sanguineum
558 542 640 580 late
659 542 767 580 tollit
786 548 906 589 caput
925 556 1071 590 oraque
1089 543 1198 581 mille

277 614 505 651 vulneribus
525 614 704 652 confossa
723 620 889 652 cruenta
908 615 1058 653 casside
1078 615 1198 654 velat:
1397 614 1478 655 260

275 685 415 723 haeret
434 685 605 723 detritus
624 685 759 723 laevae
780 686 997 723 Mavortius
1016 687 1138 724 umbo

274 757 630 795 innumerabilibus
649 757 741 795 telis
759 760 902 804 gravis,
921 763 1043 804 atque
1062 757 1245 805 flagranti

274 832 412 876 stipite
432 829 574 867 dextra
592 832 726 866 minax
745 832 861 867 terris
880 829 1066 867 incendia
1084 835 1228 876 portat.

329 901 464 940 Sentit
482 906 590 938 terra
609 901 704 938 deos
724 906 957 947 mutataque
977 900 1106 938 sidera
1124 901 1280 948 pondus

273 975 504 1019 quaesivere
524 985 638 1010 suum
649 984 658 1016 3
678 985 850 1018 namque
869 975 997 1010 omnis
1015 975 1126 1018 regia
1144 972 1244 1010 caeli

273 1048 315 1082 in
335 1049 468 1091 partes
488 1044 651 1082 diducta
670 1046 760 1081 ruit.
799 1044 1053 1090 Primumque
1069 1043 1200 1081 Dione

274 1116 449 1154 Caesaris
468 1121 558 1153 acta
577 1118 636 1153 sui
656 1115 779 1161 ducit,
801 1128 932 1152 comes
951 1115 1112 1152 additur
1130 1114 1187 1152 illi

275 1188 402 1226 Pallas
421 1192 465 1226 et
482 1190 691 1234 ingentem
711 1189 894 1233 quatiens
914 1187 1132 1224 Mavortius
1150 1186 1316 1226 hastam.

273 1252 483 1306 Magnum¹
500 1272 590 1296 cum
612 1258 772 1296 Phoebo
792 1271 900 1296 soror
918 1263 962 1296 et
981 1258 1161 1304 Cyllenia
1179 1259 1310 1306 proles

273 1334 422 1378 excipit
440 1344 486 1368 ac
505 1333 601 1368 totis
626 1330 762 1367 similis
783 1329 1014 1376 Tirynthius
1033 1332 1142 1367 actis.
1394 1333 1473 1372 270

329 1403 579 1440 Intremuere
600 1403 722 1439 tubae
741 1415 787 1439 ac
807 1404 925 1439 scisso
947 1400 1153 1439 Discordia
1172 1403 1281 1438 crine

274 1475 420 1513 extulit
439 1474 491 1511 ad
511 1486 673 1520 superos
693 1473 878 1520 Stygium
898 1477 1029 1519 caput.
1064 1472 1196 1510 Huius
1215 1474 1258 1509 in
1277 1484 1345 1510 ore

272 1551 480 1585 concretus
500 1548 671 1592 sanguis,
692 1550 935 1590 contusaque
950 1544 1100 1581 lumina
1118 1543 1282 1590 flebant,

272 1615 432 1652 stabant
450 1605 592 1651 aerati²
612 1613 747 1650 scabra
766 1612 949 1657 rubigine
969 1610 1126 1657 dentes,

272 1682 365 1719 tabo
384 1681 522 1727 lingua
541 1679 682 1726 fluens,
701 1679 859 1716 obsessa
878 1677 1114 1715 draconibus
1132 1690 1212 1724 ora,

271 1754 392 1795 atque
411 1751 519 1785 inter
537 1752 644 1784 torto
663 1746 877 1783 laceratam
896 1749 1058 1792 pectore
1077 1749 1230 1782 vestem

184 1816 251 1855 LO
271 1818 528 1862 sanguineam
547 1813 719 1851 tremula
738 1812 943 1859 quatiebat
961 1810 1144 1858 lampada
1162 1810 1312 1848 dextra.

272 1884 386 1921 Haec
406 1887 452 1920 ut
472 1881 610 1928 Cocyti
634 1880 821 1917 tenebras
841 1883 883 1916 et
902 1877 1065 1915 Tartara
1083 1877 1214 1924 liquit,

269 1951 351 1988 alta
369 1952 474 1996 petit
491 1948 678 1995 gradiens
696 1950 789 1993 iuga
807 1945 950 1983 nobilis
966 1934 1214 1992 Appennini,

312 2023 325 2043 ¹
338 2023 512 2062 Magnum
529 2020 597 2052 cod.
616 2017 894 2051 Messaniensis:
918 2017 1126 2059 Magnaque
1141 2015 1238 2047 other
1249 2013 1353 2048 MSS.

312 2063 450 2098 ’aerati
466 2064 519 2095 L:
540 2062 622 2095 irati
641 2063 681 2095 O.

381 2127 460 2164 272
