1534 2470
567 173 880 214 SATYRICON

118 253 171 293 do
194 259 269 293 not
289 259 399 292 want
420 254 620 301 anything
640 259 685 292 to
712 255 764 292 be
793 253 1031 292 considered
1058 254 1195 292 better
1222 254 1323 293 than

117 309 228 348 what
244 313 279 348 is
296 313 340 348 in
357 310 466 348 their
484 323 575 348 own
592 309 732 348 hands.
792 309 846 348 So
867 309 968 356 they
991 314 1203 356 persecute
1227 323 1323 348 men

118 365 217 403 with
234 378 260 403 a
276 368 435 412 passion
452 365 515 403 for
535 365 720 411 learning
744 367 788 402 in
814 378 935 411 every
959 365 1132 412 possible
1158 379 1259 412 way,
1278 371 1323 404 to

117 420 236 459 make
253 420 368 458 them
386 421 470 458 also
487 420 581 458 look
594 434 647 458 an
660 420 825 458 inferior
838 420 978 458 article
992 425 1037 458 to
1050 433 1208 467 money.
1227 450 1235 458 .
1255 451 1263 458 .
1282 450 1291 458 .

172 466 420 514 “somehow
438 489 484 513 or
501 475 620 513 other
640 481 809 526 poverty
827 478 862 514 is
880 488 971 513 own
998 478 1117 514 sister
1144 480 1189 514 to
1216 476 1323 522 good

119 543 244 569 sense.

174 579 200 596 “
208 588 228 626 I
240 589 340 627 wish
350 589 405 627 he
415 589 508 627 that
517 588 634 627 hates
645 602 711 627 me
723 589 785 626 for
796 603 864 636 my
876 592 1006 627 virtue
1020 602 1127 628 were
1142 603 1186 628 so
1199 590 1322 637 guilt-

119 647 198 685 less
216 647 308 685 that
325 647 378 685 he
395 647 530 693 might
548 648 599 685 be
619 647 822 685 mollified.
886 648 943 686 As
962 651 996 686 it
1014 650 1047 686 is
1066 648 1119 686 he
1138 651 1172 686 is
1190 662 1214 685 a
1232 654 1324 696 past

119 711 269 744 master
285 706 333 744 of
344 707 529 753 robbery‚
547 706 629 744 and
646 720 757 744 more
776 706 909 744 elever
926 707 1027 744 than
1045 721 1125 754 any
1143 708 1293 755 pimp.’'

175 755 203 773 “
211 764 260 802 In
271 764 409 802 Asiam
421 778 513 802 cum
524 778 548 802 a
559 770 769 811 quaestore
783 778 913 803 essem
924 766 1126 812 stipendio
1139 766 1322 814 eductus,

119 823 338 870 hospitium
367 823 551 870 Pergami
575 827 722 870 accepi.
778 824 859 862 Ubi
889 837 981 861 cum
1010 824 1186 862 libenter
1210 824 1324 862 habi-

120 887 250 920 tarem
285 895 367 920 non
404 882 533 920 solum
565 887 730 929 propter
757 883 910 920 cultum
939 883 1223 930 aedicularum,
1252 884 1323 922 sed

122 943 245 978 etiam
255 945 419 987 propter
429 940 598 987 hospitis
609 940 934 979 formosissimum
947 942 1085 989 filium,
1100 945 1324 989 excogitavi

124 1002 332 1046 rationem,
370 1012 449 1046 qua
484 1013 567 1036 non
604 1012 734 1037 essem
770 1003 875 1047 patri
911 1000 1086 1038 familiae
1114 1006 1324 1048 suspectus

122 1063 286 1095 amator.
353 1057 681 1105 Quotiescunque
719 1062 828 1096 enim
863 1062 907 1096 in
944 1062 1125 1098 convivio
1161 1060 1213 1098 de
1251 1074 1325 1098 usu

124 1116 385 1154 formosorum
420 1120 574 1155 mentio
611 1117 718 1155 facta
750 1123 825 1164 est,
853 1123 937 1156 tam
965 1118 1230 1157 vehementer
1258 1133 1326 1157 ex-

126 1175 282 1221 candui,
297 1180 381 1212 tam
400 1188 538 1213 severa
556 1179 719 1213 tristitia
738 1176 874 1214 violari
892 1190 1007 1215 aures
1026 1190 1136 1215 meas
1154 1178 1328 1216 obsceno

125 1246 308 1272 sermone
326 1234 450 1280 nolui,
464 1239 511 1272 ut
528 1248 594 1272 me
612 1240 743 1272 mater
760 1238 972 1282 praecipue
992 1241 1184 1282 tanquam
1202 1250 1328 1274 unum

129 1306 176 1330 ex
195 1292 441 1339 philosophis
454 1296 691 1331 intueretur.
715 1294 800 1331 Iam
815 1307 891 1340 ego
903 1308 1113 1341 coeperam
1125 1295 1328 1342 ephebum

130 1354 167 1388 in
186 1355 438 1398 gymnasium
456 1352 670 1398 deducere,
690 1365 766 1399 ego
785 1353 918 1390 studia
937 1356 1022 1390 eius
1039 1353 1237 1400 ordinare,
1253 1367 1329 1400 ego

126 1410 271 1447 docere
298 1423 345 1447 ac
373 1413 617 1456 praecipere,
636 1423 688 1448 ne
714 1413 802 1457 quis
828 1411 1041 1457 praedator
1063 1415 1236 1459 corporis
1258 1413 1328 1450 ad-

126 1471 357 1506 mitteretur
374 1471 417 1505 in
435 1469 598 1506 domum
618 1498 626 1505 .
651 1499 659 1506 .
681 1498 690 1506 .

183 1527 303 1564 Forte
321 1540 413 1564 cum
431 1530 474 1564 in
488 1527 661 1565 triclinio
675 1531 907 1575 iaceremus,
919 1531 1012 1575 quia
1026 1529 1112 1567 dies
1127 1529 1330 1568 sollemnis

129 1585 269 1622 ludum
296 1591 495 1623 artaverat
531 1589 813 1633 pigritiamque
842 1588 1059 1626 recedendi
1087 1591 1331 1635 imposuerat

130 1643 307 1681 hilaritas
333 1643 501 1691 longior,
524 1644 610 1682 fere
639 1648 742 1682 circa
766 1646 940 1683 mediam
965 1652 1128 1684 noctem
1146 1647 1331 1685 intellexi

130 1715 298 1749 puerum
316 1703 490 1749 vigilare.
541 1703 683 1750 Itaque
702 1705 954 1742 timidissimo
971 1719 1174 1743 murmure
1193 1711 1331 1743 votum

129 1759 208 1798 feci
227 1766 271 1798 et
289 1751 486 1798 ‘domina’
508 1764 671 1808 inquam
697 1753 866 1809 ‘Venus,
886 1766 919 1801 si
939 1777 1015 1810 ego
1034 1764 1142 1802 hunc
1162 1778 1330 1811 puerum

129 1821 343 1865 basiavero,
362 1822 420 1857 ita
442 1825 488 1857 ut
510 1820 578 1858 ille
601 1834 683 1858 non
706 1825 868 1868 sentiat,
892 1836 976 1860 cras
999 1822 1058 1860 illi
1084 1837 1155 1870 par
1181 1823 1331 1861 colum-

131 1879 270 1916 barum
298 1878 480 1915 donabo.'
538 1879 690 1916 Audito
718 1880 933 1927 voluptatis
962 1884 1093 1928 pretio
1113 1895 1212 1929 puer
1231 1887 1332 1920 ster·

131 1941 219 1974 tere
257 1939 399 1982 coepit.
460 1936 602 1983 Itaque
639 1951 849 1984 aggressus
886 1939 1143 1977 simulantem
1180 1940 1334 1987 aliquot

131 1994 288 2032 basiolis
316 1997 450 2032 invasi.
510 1995 733 2033 Contentus
761 1997 838 2034 hoc
866 2001 1061 2045 principio
1090 1999 1195 2036 bene
1214 2013 1332 2037 mane

132 2055 283 2090 surrexi
306 2053 561 2100 electumque
581 2067 652 2100 par
670 2055 942 2093 columbarum
961 2057 1080 2094 attuli
1101 2061 1332 2104 expectanti

1151 2140 1226 2183 169

1354 771 1404 804 85
