1534 2470
435 206 597 248 TITUS
628 208 940 251 PETRONIUS
969 210 1210 250 ARBITER

214 293 488 327 exarmaverat
505 295 648 328 nautas
663 296 929 338 coeperatque
945 295 1068 330 etiam
1082 294 1168 330 sine
1183 305 1279 330 voce
1294 294 1416 330 saevi-

214 360 330 393 entes
349 368 503 402 rogare,
519 370 610 394 cum
624 357 793 395 ancillae
808 361 959 404 pariter
973 358 1240 405 proclamant:
1259 349 1418 396 “Giton

215 426 291 468 est,
312 422 450 469 Giton,
470 422 653 461 inhibete
680 424 970 463 crudelissimas
998 438 1159 470 manus3
1189 426 1314 463 Giton
1343 430 1418 471 est,

215 486 390 534 domina,
420 489 644 527 succurre.’'
703 489 895 528 Deflectit
923 504 1038 528 aures
1066 490 1304 537 Tryphaena
1340 492 1419 527 iam

214 568 285 593 sua
307 560 450 601 sponte
475 556 687 594 credentes
715 560 941 604 raptimque
969 557 1022 595 ad
1049 570 1218 604 puerum
1245 556 1415 595 devolat.

216 619 372 667 Lichas,
388 623 456 667 qui
471 635 537 659 me
552 625 703 668 optime
718 628 899 669 noverat,
913 628 1104 670 tanquam
1119 628 1162 661 et
1180 625 1265 670 ipse
1280 635 1419 660 vocem

213 687 402 734 audisset,
415 691 586 726 accurrit
606 694 648 726 et
667 702 743 726 nec
762 702 902 727 manus
922 703 998 727 nec
1017 689 1160 727 faciem
1179 702 1310 727 meam
1324 701 1418 726 con-

214 754 416 801 sideravit,
454 755 526 792 sed
564 759 754 793 continuo
787 755 838 793 ad
875 758 1041 803 inguina
1077 769 1167 793 mea
1203 756 1419 793 luminibus

213 816 377 856 deflexis
405 821 531 856 movit
563 819 772 856 officiosam
805 832 968 856 manum
999 824 1042 857 et
1074 809 1256 858 “Salve’'
1288 821 1420 865 inquit

214 872 456 928 “Encolpi.’'
516 882 688 919 Miretur
731 895 839 919 nunc
876 882 1018 928 aliquis
1057 882 1182 920 Vlixis
1220 885 1418 919 nutricem

214 950 304 992 post
332 946 564 982 vicesimum
594 958 744 982 annum
774 948 1001 982 cicatricem
1030 947 1228 983 invenisse
1257 947 1420 991 originis

216 1007 405 1054 indicem,
425 1021 516 1044 cum
544 1007 664 1045 homo
689 1008 1021 1054 prudentissimus
1045 1009 1217 1046 confusis
1237 1008 1420 1045 omnibus

216 1066 388 1110 corporis
408 1055 581 1109 orisque²
600 1063 855 1109 lineamentis
874 1063 926 1100 ad
945 1066 1108 1100 unicum
1126 1063 1284 1109 fugitivi
1302 1075 1418 1108 argu—

214 1131 398 1163 mentum
423 1131 507 1163 tam
533 1126 652 1163 docte
678 1129 916 1172 pervenerit.
976 1125 1214 1172 Tryphaena
1239 1126 1419 1163 lacrimas

216 1189 356 1227 effudit
369 1189 541 1235 decepta
553 1189 894 1235 supplicio—vera
907 1191 1014 1226 enim
1029 1191 1217 1235 stig-mata
1229 1188 1419 1226 credebat

216 1255 462 1299 capfivorum
485 1252 682 1290 frontibus
710 1254 1224 1299 impressa—sciscitarique
1252 1252 1418 1289 submis-

216 1319 295 1354 sius
328 1318 474 1362 coepit,
507 1316 613 1362 quod
648 1316 893 1362 ergastulum
921 1318 1200 1362 intercepisset
1228 1320 1419 1361 errantes,

215 1384 286 1417 aut
323 1382 434 1416 cuius
470 1384 555 1416 tam
593 1379 776 1416 crudeles
812 1392 953 1416 manus
990 1381 1032 1415 in
1069 1377 1145 1415 hoc
1182 1377 1418 1424 supplicium

215 1442 436 1480 durassent.
504 1442 700 1479 Meruisse
734 1441 898 1488 quidem
931 1441 1214 1478 contumeliam
1246 1440 1418 1486 aliquam

216 1506 420 1551 fugitivos,
441 1506 584 1551 quibus
603 1508 645 1542 in
664 1505 800 1542 odium
819 1505 923 1542 bona
942 1518 1012 1542 sua
1030 1507 1234 1541 venissent
1253 1532 1261 1540 .
1285 1532 1294 1540 .
1316 1531 1324 1540 .

112 1568 188 1607 106
217 1571 440 1606 concitatus
461 1568 664 1605 iracundia
683 1568 852 1614 prosiliit
871 1567 1014 1604 Lichas
1041 1572 1084 1604 et
1103 1558 1175 1604 “0
1195 1565 1268 1603 te’'
1289 1568 1420 1612 inquit

217 1623 443 1670 “feminam
467 1631 703 1677 simplicem,
726 1636 916 1676 tanquam
940 1630 1104 1667 vulnera
1127 1629 1233 1666 ferro
1255 1641 1418 1675 praepa-

215 1700 302 1732 rata
318 1695 474 1732 litteras
494 1694 680 1732 biberint.
729 1694 894 1731 Utinam
914 1693 1077 1739 quidem
1096 1692 1171 1729 hac
1190 1705 1232 1729 se
1255 1694 1418 1738 inscrip-

215 1761 326 1797 tione
352 1757 494 1795 frontis
517 1756 805 1794 maculassent:
833 1756 1072 1793 haberemus
1096 1768 1168 1792 nos
1196 1759 1419 1792 extremum

215 1821 414 1860 solacium.
498 1820 618 1857 Nunc
654 1822 823 1856 mimicis
861 1819 1012 1856 artibus
1049 1820 1168 1865 petiti
1206 1830 1339 1855 sumus
1377 1821 1420 1854 et

214 1884 450 1922 adumbrata
467 1885 725 1929 inscriptione
745 1882 903 1919 derisi.’'

271 1947 444 1984 Volebat
462 1945 701 1992 Tryphaena
719 1947 912 1991 misereri,
932 1947 1024 1990 quia
1050 1957 1131 1981 non
1157 1948 1284 1980 totam
1312 1941 1421 1979 volu-

217 2015 372 2057 ptatem
403 2009 648 2056 perdiderat,
678 2008 749 2046 sed
781 2007 924 2045 Lichas
952 2020 1105 2045 memor
1132 2006 1262 2043 adhuc
1290 2008 1420 2043 uxoris

463 2105 471 2123 ¹
485 2105 628 2146 orisque
644 2103 835 2136 Buecheler
845 2114 859 2135 .·
874 2102 1163 2144 iudiciorumque.

326 2161 349 2196 2
355 2162 371 2194 l
380 2161 405 2194 4
