1534 2470
473 179 636 220 TITUS
667 180 979 221 PETRONIUS
1009 179 1249 220 ARBITER

253 273 346 297 nam
373 266 554 298 ornatam
581 266 625 299 et
650 261 726 299 hoc
749 264 922 308 primum
947 275 1053 299 anno
1080 264 1209 299 virum
1237 264 1456 308 expertam,

253 332 420 370 concilio
439 333 526 379 tibi,
547 346 571 370 o
590 335 758 380 iuvenis,
778 346 963 371 sororem.
1009 333 1148 371 Habes
1167 337 1213 370 tu
1233 332 1396 379 quidem
1415 335 1459 369 et

253 402 431 451 fratrem,
446 417 578 451 neque
596 408 704 442 enim
718 418 784 442 me
799 408 930 452 piguit
943 407 1157 451 inquirere,
1173 403 1244 442 sed
1259 403 1355 450 quid
1368 415 1458 450 pro-

253 474 368 513 hibet
387 480 431 514 et
449 489 624 514 sororem
642 476 858 523 adoptare?
888 476 1043 514 Eodem
1069 472 1196 523 gradu
1224 477 1351 513 venio.
1396 473 1457 512 Tu

254 552 413 585 tantum
433 547 599 594 dignare
612 553 656 585 et
673 561 808 586 meum
825 548 1015 594 osculum,
1032 560 1123 585 cum
1141 547 1317 593 libuerit,
1335 558 1457 592 agno-

253 619 405 657 scere.”
465 610 490 627 “
503 619 662 657 Immo'’
684 622 847 666 inquam
868 633 944 666 ego
963 610 1069 666 “per
1092 618 1260 656 formam
1281 623 1393 656 tuam
1414 622 1458 655 te

254 703 363 737 rogo,
384 703 436 728 ne
456 690 634 729 fastidias
657 690 863 729 hominem
881 693 1139 738 peregrinum
1161 693 1268 728 inter
1286 689 1458 727 cultores

253 762 480 800 admittere.
540 762 726 800 Invenies
754 762 996 809 religiosum,
1029 765 1062 800 si
1098 767 1142 800 te
1178 762 1332 799 adorari
1368 773 1458 808 per-

254 835 416 871 miseris.
476 833 537 871 Ac
556 846 608 871 ne
627 847 693 871 me
713 833 863 871 iudices
892 834 943 871 ad
971 833 1047 871 hoc
1075 833 1272 880 templum
1300 832 1458 869 Amoris

254 908 377 951 gratis
389 905 592 951 accedere,
603 905 707 943 dono
719 906 794 943 tibi
803 905 967 943 fratrem
979 905 1152 943 meum.”
1175 896 1199 913 “
1209 904 1341 951 Quid?
1356 909 1402 942 tu
1411 903 1433 918 ''
1442 895 1458 920 ¹

255 979 386 1023 inquit
400 977 468 1014 illa
484 969 641 1015 “donas
656 977 754 1014 mihi
771 991 876 1024 eum,
896 980 981 1015 sine
997 990 1075 1023 quo
1089 990 1171 1014 non
1185 981 1300 1024 potes
1311 979 1458 1023 vivere,

255 1061 305 1086 ex
334 1051 445 1086 cuius
473 1048 608 1086 osculo
636 1049 802 1095 pendes,
822 1062 942 1095 quem
971 1051 1026 1086 sic
1054 1054 1099 1086 tu
1128 1061 1248 1094 amas,
1267 1047 1458 1094 quemad-

254 1119 418 1158 modum
439 1134 514 1166 ego
534 1125 576 1158 te
596 1120 742 1158 volo?”
794 1121 908 1158 Haec
927 1123 1012 1167 ipsa
1031 1133 1121 1157 cum
1150 1120 1315 1166 diceret,
1344 1124 1458 1157 tanta

254 1194 383 1238 gratia
411 1191 648 1229 conciliabat
675 1205 814 1229 vocem
841 1191 1054 1238 loquentis,
1074 1196 1158 1229 tam
1185 1191 1312 1229 dulcis
1339 1203 1457 1228 sonus

255 1268 572 1311 pertemptatum
594 1263 798 1301 mulcebat
825 1268 928 1309 aera,
949 1268 995 1301 ut
1023 1268 1184 1310 putares
1211 1265 1318 1300 inter
1344 1275 1456 1300 auras
1507 1255 1509 1257 ’

255 1348 398 1372 canere
420 1335 604 1373 Sirenum
624 1334 884 1372 concordiam.
945 1334 1087 1380 Itaque
1101 1336 1262 1371 miranti
1277 1325 1354 1380 [et]
1370 1338 1457 1372 toto

255 1406 354 1444 mihi
377 1406 488 1444 caelo
517 1406 658 1443 clarius
686 1408 821 1443 nescio
850 1406 947 1452 quid
975 1405 1182 1443 relucente
1210 1405 1329 1443 libuit
1356 1405 1456 1443 deae

255 1491 403 1516 nomen
423 1491 625 1524 quaerere.
665 1468 794 1515 “Ita’'
815 1479 947 1523 inquit
967 1467 1081 1514 “non
1100 1476 1203 1514 dixit
1220 1477 1295 1514 tibi
1313 1477 1456 1514 ancilla

255 1563 345 1587 mea
363 1563 429 1587 me
450 1550 591 1586 Circen
610 1549 764 1586 vocari?
820 1549 914 1586 Non
942 1561 1030 1586 sum
1058 1548 1220 1595 quidem
1242 1548 1345 1587 Solis
1366 1561 1455 1595 pro-

253 1623 407 1668 genies,
436 1633 512 1658 nec
544 1634 635 1658 mea
662 1625 803 1666 mater,
825 1620 920 1657 dum
949 1620 1095 1666 placet,
1117 1619 1289 1657 labentis
1316 1620 1454 1658 mundi

255 1705 413 1730 cursum
432 1692 617 1729 detinuit.
661 1691 833 1729 Habebo
848 1696 984 1728 tamen
997 1690 1103 1737 quod
1122 1690 1232 1728 caelo
1246 1693 1454 1737 imputem,

255 1766 287 1801 si
306 1776 378 1801 nos
397 1763 479 1800 fata
494 1765 784 1800 coniunxerint.
836 1762 963 1799 Immo
975 1765 1053 1799 iam
1067 1764 1201 1799 nescio
1216 1762 1312 1807 quid
1323 1765 1454 1800 tacitis

254 1834 560 1881 cogitationibus
586 1834 684 1871 deus
709 1835 805 1879 agit.
855 1833 942 1870 Nec
970 1836 1055 1870 sine
1085 1846 1200 1870 causa
1227 1833 1453 1879 Polyaenon

255 1907 366 1944 Circe
399 1910 526 1942 amat:
561 1918 718 1952 semper
751 1908 857 1942 inter
885 1904 984 1942 haec
1017 1907 1179 1942 nomina
1210 1918 1355 1951 magna
1387 1904 1452 1942 fax

253 1980 390 2024 surgit.
440 1977 562 2015 Sume
588 1989 684 2022 ergo
709 1976 951 2022 amplexum,
970 1978 1003 2013 si
1031 1975 1174 2022 placet.
1225 1976 1367 2022 Neque
1390 1980 1453 2014 est

593 2058 704 2102 ¹quid
719 2063 757 2091 tu
772 2059 961 2091 Pithoeus:
982 2059 1112 2101 quidni.

363 2125 441 2159 282
