1534 2470
454 166 616 207 TITUS
647 165 959 206 PETRONIUS
989 164 1228 204 ARBITER

233 253 341 287 tores
360 248 522 286 domino
543 261 706 295 corpora
725 250 956 294 animasque
974 246 1268 293 religiosissime
1287 243 1437 282 addici-

233 329 331 354 mus.
412 315 508 354 Post
544 320 752 362 peractum
790 318 1085 353 sacramentum
1122 311 1319 351 serviliter
1354 310 1438 348 ficti

234 382 441 421 dominum
456 382 763 429 consalutamus,
779 381 1010 428 elatumque
1029 380 1080 418 ab
1100 379 1296 426 Eumolpo
1314 376 1439 415 filium

235 452 384 497 pariter
403 448 681 495 condiscimus,
699 451 887 486 iuvenem
913 449 1090 494 ingentis
1117 446 1370 493 eloquentiae
1396 448 1439 482 et

235 519 334 564 spei,
346 515 517 562 ideoque
533 516 585 554 de
601 518 762 553 civitate
778 528 848 553 sua
861 516 1126 552 miserrimum
1140 526 1279 551 senem
1297 514 1439 558 exisse,

235 596 288 621 ne
321 588 392 621 aut
425 583 594 620 clientes
633 582 867 628 sodalesque
901 581 971 618 filii
1009 583 1069 619 sui
1107 585 1177 618 aut
1213 579 1439 626 sepulcrum

237 649 416 696 quotidie
455 663 613 687 causam
650 649 901 686 lacrimarum
944 652 1138 685 cerneret.
1215 646 1440 684 Accessisse

237 717 330 755 huic
362 719 551 755 tristitiae
590 718 815 763 proximum
853 714 1118 761 naufragium,
1156 727 1235 760 quo
1271 713 1440 759 amplius

237 786 358 822 vicies
378 786 607 822 sestertium
626 786 824 827 amiserit;
853 795 928 820 nec
957 781 1071 819 illum
1099 784 1249 818 iactura
1277 782 1441 826 moveri,

237 851 310 889 sed
330 851 570 889 destitutum
595 852 817 887 ministerio
845 862 927 886 non
955 861 1171 894 agnoscere
1200 847 1440 893 dignitatem

239 931 359 965 suam.
421 917 634 955 Praeterea
653 916 801 954 habere
827 918 870 953 in
895 915 1033 952 Africa
1056 917 1274 952 trecenties
1297 918 1440 952 sester-

238 983 341 1019 tium
363 980 498 1018 fundis
520 980 827 1026 nominibusque
856 978 1103 1025 depositum3
1130 991 1224 1015 nam
1252 977 1441 1014 familiam

239 1044 403 1092 quidem
415 1049 499 1082 tam
511 1057 698 1090 magnam
712 1056 784 1089 per
798 1055 912 1089 agros
926 1041 1138 1079 Numidiae
1153 1054 1239 1078 esse
1254 1053 1440 1088 sparsam,

240 1113 287 1146 ut
315 1111 440 1155 possit
467 1107 532 1145 vel
562 1107 846 1152 Carthaginem
875 1118 1027 1152 capere.
1087 1104 1316 1142 Secundum
1338 1103 1441 1143 hanc

240 1171 452 1209 formulam
470 1173 711 1217 imperamus
738 1168 948 1215 Eumolpo,
976 1173 1022 1205 ut
1047 1168 1262 1214 plurimum
1287 1170 1442 1213 tussiat,

240 1239 288 1273 ut
306 1237 359 1272 sit
377 1233 497 1272 modo
516 1233 713 1271 solutioris
733 1231 928 1270 stomachi
948 1232 1135 1277 cibosque
1155 1243 1292 1268 omnes
1311 1230 1442 1277 palam

241 1297 428 1343 damnet3
473 1297 660 1343 loquatur
706 1309 846 1333 aurum
884 1299 927 1332 et
964 1299 1177 1340 argentum
1218 1293 1443 1340 fundosque

242 1361 456 1400 mendaces
477 1366 520 1398 et
539 1365 775 1407 perpetuam
794 1364 990 1396 terrarum
1010 1358 1284 1403 sterilitatem3
1304 1357 1444 1395 sedeat

243 1430 452 1473 praeterea
471 1424 651 1470 quotidie
678 1423 729 1460 ad
755 1425 929 1460 rationes
955 1421 1190 1467 tabulasque
1209 1422 1443 1458 testamenti

243 1488 426 1526 omnibus
441 1486 620 1524 mensibus
634 1489 809 1523 renovet.
842 1485 896 1521 Et
911 1497 963 1521 ne
979 1483 1075 1530 quid
1090 1496 1255 1521 scaenae
1271 1482 1444 1528 deesset,

244 1554 559 1599 quotiescunque
593 1549 767 1595 aliquem
801 1552 982 1585 nostrum
1015 1559 1155 1584 vocare
1193 1550 1444 1592 temptasset,

244 1615 366 1652 alium
393 1627 465 1661 pro
492 1613 570 1650 alio
598 1616 771 1658 vocaret,
796 1616 843 1648 ut
868 1610 984 1648 facile
1011 1614 1221 1656 appareret
1239 1609 1444 1646 dominum

245 1681 367 1716 etiam
387 1690 524 1715 eorum
542 1678 784 1721 meminisse,
804 1676 872 1720 qui
891 1678 1122 1720 praesentes
1141 1686 1222 1710 non
1242 1677 1387 1710 essent.

300 1742 378 1779 His
397 1743 454 1778 ita
472 1740 676 1784 ordinatis,
691 1728 831 1784 “quod
847 1738 950 1774 bene
966 1736 1216 1782 feliciterque
1231 1735 1442 1773 eveniret’'

244 1806 396 1852 precati
424 1803 520 1840 deos
540 1805 643 1839 viam
669 1800 925 1846 ingredimur.
969 1799 1049 1838 Sed
1068 1811 1200 1845 neque
1222 1798 1346 1835 Giton
1372 1797 1445 1834 sub

244 1868 404 1906 insolito
416 1866 522 1904 fasce
536 1865 718 1910 durabat,
731 1869 774 1901 et
785 1865 1081 1900 mercennarius
1094 1862 1232 1907 Corax,
1245 1861 1444 1898 detrecta-

243 1936 307 1971 tor
326 1931 550 1974 ministerii,
571 1931 699 1975 posita
723 1927 972 1973 frequentius
992 1927 1143 1962 sarcina
1161 1924 1265 1961 male
1285 1923 1444 1960 dicebat

244 1993 547 2041 properantibus
555 1990 852 2036 affirmabatque
862 2002 903 2026 se
916 1993 986 2026 aut
997 1990 1267 2035 proiecturum
1275 1988 1444 2023 sarcinas

243 2062 315 2095 aut
333 2070 424 2095 cum
439 2068 560 2093 onere
580 2054 813 2101 fugiturum.
835 2042 980 2098 “Quid
998 2051 1097 2089 vos'’
1112 2053 1243 2096 inquit
1258 2040 1445 2096 “iumen-

355 2115 433 2150 248
