1534 2470
474 196 636 236 TITUS
667 198 980 237 PETRONIUS
1009 199 1249 238 ARBITER

306 276 379 314 Cui
398 289 479 314 non
500 282 562 315 est
580 290 684 315 mors
704 292 783 315 una
802 279 914 315 satis?
934 278 998 316 Ne
1016 281 1165 317 vincite
1184 284 1352 327 pontum

305 344 610 390 gurgitibusque
630 343 724 382 feris
743 344 840 382 alios
859 347 1054 391 imponite
1074 345 1255 384 fluctus.”

149 412 224 451 109
310 409 425 446 Haec
463 414 510 447 ut
546 411 707 448 turbato
746 410 917 448 clamore
954 411 1098 449 mulier
1136 412 1288 459 effudit,
1330 412 1460 451 haesit

252 475 452 522 paulisper
477 478 594 522 acies,
614 482 902 522 revocataeque
928 477 980 515 ad
1005 491 1145 524 pacem
1170 492 1311 517 manus
1336 482 1460 517 inter-

254 544 396 579 misere
428 542 589 579 bellum.
652 542 791 581 Utitur
829 547 1103 589 paenitentiae
1140 548 1345 583 occasione
1378 546 1459 583 dux

255 608 471 655 Eumolpos
506 614 548 646 et
582 612 775 656 castigato
812 614 908 647 ante
946 610 1298 649 vehementissime
1336 611 1460 649 Licha

255 675 410 712 tabulas
439 675 611 713 foederis
641 678 785 722 signat,
807 679 894 722 quis
921 676 1019 714 haec
1038 677 1207 715 formula
1227 683 1332 716 erat:
1361 669 1460 715 “Ex

254 741 314 776 tui
334 741 456 775 animi
476 742 691 785 sententia,
711 744 758 776 ut
777 744 836 785 tu,
856 739 1107 787 Tryphaena,
1126 754 1259 787 neque
1278 744 1460 779 iniuriam

256 802 329 839 tibi
349 801 496 838 factam
516 815 539 838 a
560 802 709 839 Gitone
730 805 919 848 quereris,
934 816 1066 849 neque
1082 806 1114 841 si
1130 804 1226 850 quid
1245 809 1340 842 ante
1355 803 1462 841 hune

256 865 364 902 diem
397 864 548 902 factum
582 870 656 911 est,
688 866 834 902 obicies
865 865 1132 904 vindicabisve
1169 872 1240 904 aut
1272 867 1354 904 ullo
1385 867 1463 904 alio

256 941 406 974 genere
436 928 760 974 persequendum
790 929 964 973 curabis;
993 934 1040 966 ut
1065 934 1111 966 tu
1130 929 1230 966 nihil
1250 931 1462 976 imperabis

255 1004 379 1037 puero
405 994 660 1037 repugnanti,
682 1004 763 1027 non
792 991 1033 1038 amplexum,
1061 1005 1142 1029 non
1171 992 1360 1038 osculum,
1380 1006 1461 1030 non

256 1057 404 1091 coitum
424 1067 570 1091 venere
592 1057 863 1100 constrictum,
891 1058 965 1092 nisi
985 1068 1056 1101 pro
1075 1068 1153 1101 qua
1167 1068 1210 1092 re
1231 1060 1461 1102 praesentes

255 1119 524 1154 numeraveris
555 1117 737 1154 denarios
768 1122 940 1154 centum.
1003 1118 1120 1163 Item,
1153 1118 1289 1164 Licha,
1321 1131 1370 1156 ex
1400 1121 1460 1156 tui

255 1183 377 1217 animi
406 1183 620 1226 sententia,
641 1185 687 1217 ut
706 1185 751 1217 tu
779 1180 999 1226 Encolpion
1020 1194 1095 1218 nec
1115 1182 1235 1219 verbo
1255 1186 1460 1219 contume-

256 1244 353 1281 lioso
382 1246 601 1289 insequeris
630 1256 705 1280 nec
735 1243 860 1289 vultu,
891 1257 1022 1290 neque
1052 1257 1217 1290 quaeres
1246 1245 1314 1282 ubi
1342 1250 1461 1282 nocte

257 1307 439 1352 dormiat,
456 1312 526 1343 aut
545 1309 576 1343 si
597 1309 824 1352 quaesieris,
837 1320 908 1352 pro
928 1307 1093 1352 singulis
1107 1310 1259 1344 iniuriis
1278 1320 1461 1345 numera-

257 1371 316 1407 bis
354 1375 585 1416 praesentes
623 1369 805 1406 denarios
844 1369 1057 1407 ducenos.’'
1118 1369 1166 1407 In
1204 1370 1303 1407 haec
1341 1371 1461 1408 verba

208 1433 236 1471 L
257 1433 484 1470 foederibus
500 1435 726 1478 compositis
742 1446 850 1469 arma
865 1432 1114 1479 deponimus,
1147 1424 1152 1478 Ι
1182 1438 1224 1470 et
1239 1446 1291 1470 ne
1306 1433 1462 1470 residua

255 1499 298 1533 in
317 1498 458 1533 animis
479 1498 600 1532 etiam
620 1500 710 1541 post
731 1495 1003 1532 iusiurandum
1019 1499 1075 1532 ira
1094 1501 1332 1541 remaneret,
1348 1509 1460 1542 prae-

254 1562 376 1596 terita
394 1558 543 1595 aboleri
563 1558 705 1595 osculis
731 1558 873 1604 placet.
934 1558 1247 1596 Exhortantibus
1267 1561 1459 1596 universis

255 1622 346 1659 odia
373 1621 670 1666 detumescunt,
700 1621 921 1667 epulaeque
957 1621 1007 1658 ad
1044 1626 1246 1658 certamen
1282 1621 1458 1667 prolatae

170 1684 238 1723 LO
259 1685 472 1722 conciliant
486 1684 688 1720 hilaritate
706 1676 986 1720 concordiam.¹
1018 1675 1022 1729 Ι
1060 1684 1236 1721 Exsonat
1252 1697 1347 1730 ergo
1367 1697 1458 1721 can-

254 1749 361 1785 tibus
380 1752 512 1784 totum
539 1749 754 1792 navigium,
776 1752 818 1783 et
838 1749 929 1792 quia
955 1749 1166 1792 repentina
1192 1747 1458 1792 tranquillitas

254 1813 523 1848 intermiserat
539 1823 709 1855 cursum,
721 1809 820 1846 alius
834 1809 1061 1846 exultantes
1075 1810 1292 1855 quaerebat
1305 1809 1458 1847 fuscina

253 1877 394 1922 pisces,
414 1873 512 1909 alius
532 1872 658 1909 hamis
679 1872 976 1909 blandientibus
997 1872 1247 1909 convellebat
1270 1872 1458 1918 praedam

253 1941 557 1983 repugnantem.
617 1935 721 1972 Ecce
756 1938 877 1972 etiam
910 1948 982 1981 per
1014 1940 1244 1972 antemnam
1277 1934 1457 1981 pelagiae

254 1999 519 2037 consederant
539 1998 729 2043 volucres,
746 2010 842 2043 quas
861 2001 983 2035 textis
999 1997 1286 2035 harundinibus
1305 2000 1456 2043 peritus

490 2080 740 2112 ¹concordiam
757 2080 971 2111 Buecheler:
986 2080 1182 2113 concilium.

364 2144 444 2178 22⁴·
