1534 2470
442 224 603 267 TITUS
634 226 946 269 PETRONIUS
975 230 1217 270 ARBITER

220 317 270 343 ex
298 304 432 352 lapide
451 307 646 354 speculari
666 308 874 356 pulverem
892 313 1044 350 tritum.
1091 312 1237 351 Statim
1256 313 1425 352 Trimal-

220 363 311 402 chio
346 355 560 412 “poteram
598 367 792 414 quidem''
829 371 962 416 inquit
995 361 1105 409 “hoc
1138 371 1305 410 fericulo
1339 386 1426 411 esse

220 428 455 469 contentus3
495 426 690 464 secundas
725 430 833 465 enim
865 441 1022 467 mensas
1060 429 1228 469 habetis.
1279 430 1359 470 Sed
1391 433 1424 469 si

220 481 317 528 quid
337 482 432 519 belli
453 483 590 530 habes,
611 484 746 522 affer.”

277 540 445 579 Interim
464 555 564 588 puer
578 543 886 591 Alexandrinus,
900 548 968 592 qui
987 546 1142 584 caldam
1161 548 1423 594 ministrabat,

220 599 404 637 luscinias
417 604 550 647 coepit
562 605 708 639 imitari
721 603 919 641 clamante
928 604 1221 644 Trimalchione
1233 606 1423 644 subinde:

221 649 410 697 “Muta'’
451 660 556 698 Ecce
576 661 675 698 alius
694 661 822 699 ludus.
870 663 1014 701 Servus
1035 667 1103 710 qui
1121 665 1174 703 ad
1193 665 1317 712 pedes
1337 666 1422 702 Ha-

222 718 368 756 binnae
388 719 567 766 sedebat,
588 722 728 766 iussus,
745 721 876 766 credo,
892 735 915 758 a
935 722 1097 760 domino
1116 737 1187 762 suo
1206 724 1422 771 proclama-

221 778 281 814 vit
298 777 431 814 subito
449 790 592 815 canora
611 791 727 816 voce:

305 825 502 873 “Interea
520 836 698 874 medium
717 837 877 875 Aeneas
897 841 975 876 iam
996 839 1119 877 classe
1138 840 1346 878 tenebat.”

223 894 367 932 Nullus
397 908 516 932 sonus
553 909 729 939 unquam
758 897 907 934 acidior
931 901 1127 944 percussit
1151 912 1266 937 aures
1294 911 1423 944 meas;

222 965 315 989 nam
345 958 504 998 praeter
522 956 690 991 errantis
718 954 920 992 barbariae
939 961 1009 993 aut
1027 956 1229 994 adiectum
1256 962 1327 995 aut
1353 957 1424 995 de·-

224 1013 423 1048 minutum
457 1011 668 1049 clamorem
706 1013 899 1050 miscebat
928 1013 1173 1052 Atellanicos
1200 1028 1349 1061 versus,
1377 1020 1424 1053 ut

224 1074 321 1106 tunc
334 1072 505 1116 primum
518 1083 582 1107 me
599 1073 720 1107 etiam
733 1071 931 1116 Vergilius
947 1071 1168 1110 offenderit.
1214 1073 1398 1111 Plausum
1407 1065 1420 1089 ¹

224 1132 374 1174 tamen,
394 1141 486 1165 cum
504 1128 718 1174 aliquando
737 1122 936 1175 desisset,2
964 1130 1112 1168 adiecit
1141 1131 1351 1169 Habinnas
1379 1136 1423 1169 et

225 1176 521 1233 “nunquam'’³
539 1189 671 1233 inquit
690 1178 715 1195 “
723 1187 876 1233 didicit,
896 1188 967 1226 sed
986 1201 1062 1235 ego
1090 1189 1141 1226 ad
1169 1189 1422 1228 circulatores

226 1257 318 1282 eum
337 1245 538 1282 mittendo
558 1240 794 1282 erudibam.⁴
851 1246 993 1293 Itaque
1011 1260 1148 1294 parem
1175 1261 1258 1285 non
1285 1247 1421 1294 habet,

225 1306 307 1341 sive
327 1303 522 1341 muliones
539 1303 650 1341 volet
674 1307 756 1342 sive
775 1305 1028 1343 circulatores
1053 1309 1208 1343 imitari.
1267 1306 1422 1353 Despe-

226 1355 380 1399 ratum⁵
410 1361 525 1399 valde
555 1364 784 1408 ingeniosus
814 1368 895 1400 est:
933 1364 1041 1401 idem
1073 1369 1183 1402 sutor
1211 1369 1286 1411 est,
1313 1364 1422 1402 idem

227 1433 343 1458 cocus
380 1420 488 1458 idem
521 1423 658 1467 pistor,
692 1423 819 1458 omnis
851 1434 987 1459 musae
1019 1425 1270 1468 mancipium.
1330 1422 1422 1460 Duo

226 1484 364 1516 tamen
383 1481 478 1515 vitia
497 1478 633 1524 habet,
646 1492 746 1525 quae
767 1482 799 1516 si
819 1492 899 1516 non
919 1479 1100 1526 haberet,
1119 1485 1226 1518 esset
1244 1483 1421 1517 omnium

225 1550 456 1575 numerum:
496 1540 689 1574 recutitus
710 1542 772 1574 est
800 1542 842 1575 et
870 1541 1014 1575 stertit.
1064 1539 1169 1576 Nam
1187 1538 1295 1585 quod
1322 1544 1421 1576 stra-

225 1596 352 1633 bonus
372 1601 447 1642 est,
466 1608 547 1632 non
567 1608 679 1632 curo:
709 1599 812 1633 sicut
827 1596 962 1633 Venus
983 1601 1148 1643 spectat.
1201 1596 1299 1634 Ideo
1318 1596 1419 1634 nihil

225 1659 347 1700 tacet,
366 1656 431 1690 vix
450 1653 564 1690 oculo
584 1658 740 1690 mortuo
760 1667 946 1700 unquam.
990 1654 1110 1693 Illum
1130 1657 1208 1691 emi
1227 1657 1419 1692 trecentis

224 1712 433 1751 denariis.’'
453 1712 730 1759 Interpellavit
741 1712 972 1758 loquentem
986 1712 1167 1751 Scintilla
1179 1718 1222 1750 et
1233 1702 1386 1760 “plane
1394 1712 1417 1726 ''

223 1775 355 1818 inquit
392 1761 506 1808 “non
544 1773 676 1807 omnia
712 1770 876 1807 artificia
913 1774 1015 1808 servi
1057 1784 1229 1818 nequam
1271 1783 1415 1808 narras.

224 1831 365 1876 Agaga
384 1834 465 1873 est;
493 1834 536 1866 at
564 1830 721 1874 curabo,
742 1832 929 1874 stigmam
958 1829 1142 1867 habeat.'’
1204 1829 1305 1867 Risit
1332 1828 1417 1867 Tri-

221 1889 391 1926 malchio
412 1892 454 1925 et
474 1878 785 1933 “adcognosco”
807 1890 939 1933 inquit
959 1878 983 1895 “
993 1887 1288 1934 Cappadocem:
1316 1886 1416 1925 nihil

437 1959 446 1978 ¹
459 1960 622 2001 plausum
638 1958 845 1990 Buecheler:
867 1959 996 1991 lassus.

435 2001 613 2034 ²desisset
628 2001 801 2040 Scheffer:
825 2001 996 2034 dedisset.

435 2043 636 2086 ³nunquam
654 2044 766 2085 inquit
782 2045 992 2078 Buecheler:
1013 2045 1180 2087 nunquid.

434 2087 775 2127 ‘erudibamsahn.·
797 2087 983 2119 audibant.

433 2130 445 2150 ⁵
458 2131 687 2172 desperatum
706 2130 913 2165 Buecheler:
935 2130 1162 2172 desperatus.

332 2185 409 2218 130

1519 717 1534 746 'a
1522 573 1534 704 ,Am—a..,.-.
1529 540 1534 559 .-
