1534 2470
119 276 196 310 100

444 193 606 232 TITUS
637 188 948 233 PETRONIUS
979 195 1220 232 ARBITER

279 262 531 311 “molestum
562 278 624 311 est
656 274 764 320 quod
794 287 894 321 puer
926 275 1075 321 hospiti
1113 274 1258 322 placet.
1319 268 1430 322 Quid

223 338 384 374 autem?
441 337 534 374 Non
564 350 775 375 commune
806 343 881 384 est,
913 338 1021 384 quod
1054 343 1197 376 natura
1230 341 1426 385 optimum

224 400 346 438 fecit?
403 400 471 438 Sol
518 401 702 438 omnibus
739 401 859 438 lucet.
921 401 1036 438 Luna
1072 402 1428 439 innumerabilibus

224 466 413 500 comitata
450 463 645 501 sideribus
683 467 806 501 etiam
844 464 947 502 feras
985 464 1098 502 ducit
1134 465 1186 502 ad
1225 465 1428 511 pabulum.

225 526 335 573 Quid
353 532 465 573 aquis
485 527 564 565 dici
583 526 791 564 formosius
811 529 972 574 potest?
1030 527 1079 565 In
1105 528 1264 575 publico
1294 533 1429 566 tamen

224 595 400 628 manant.
460 590 575 628 Solus
595 603 691 637 ergo
710 604 820 628 amor
839 590 993 628 furtum
1018 594 1151 638 potius
1171 604 1291 637 quam
1317 604 1431 638 prae-

225 657 350 691 mium
370 654 471 691 erit?
516 653 644 691 Immo
663 666 757 691 vero
776 654 869 691 nolo
889 654 1038 692 habere
1058 655 1175 700 bona,
1196 657 1272 692 nisi
1288 655 1431 701 quibus

227 717 396 764 populus
424 717 623 754 inviderit.
685 717 812 764 Unus,
834 722 877 755 et
905 730 1042 764 senex,
1062 731 1144 755 non
1173 720 1251 755 erit
1281 720 1432 764 gravis;

228 784 350 818 etiam
369 794 460 818 cum
479 780 650 817 voluerit
668 781 818 826 aliquid
838 794 1008 827 sumere,
1024 794 1122 828 opus
1141 781 1322 818 anhelitu
1343 794 1431 827 pro-

228 843 338 881 det.”
409 844 524 880 Haec
562 848 609 881 ut
645 843 748 880 infra
796 843 980 881 fiduciam
1018 846 1131 890 posui
1169 843 1429 890 fraudavique

228 910 405 944 animum
433 907 709 952 dissidentem,
730 910 843 953 coepi
873 920 1056 944 somnum
1084 907 1227 944 obruto
1256 907 1435 944 tunicula

232 973 364 1017 capite
383 973 558 1007 mentiri.

285 1034 366 1072 Sed
390 1039 559 1080 repente
587 1036 697 1080 quasi
725 1033 961 1071 destruente
988 1033 1149 1070 fortuna
1169 1036 1435 1071 constantiam

229 1110 361 1135 meam
387 1097 580 1135 eiusmodi
599 1110 675 1134 vox
701 1110 820 1143 super
846 1102 1092 1134 constratum
1118 1099 1263 1143 puppis
1283 1109 1429 1142 conge-

231 1163 352 1198 muit:
382 1151 407 1168 “
421 1173 516 1206 ergo
534 1173 600 1197 me
620 1159 814 1197 derisit?'’
874 1160 929 1197 Et
947 1159 1046 1197 haec
1067 1160 1228 1205 quidem
1251 1159 1371 1197 virilis
1391 1164 1434 1197 et

233 1237 360 1271 paene
390 1224 549 1260 auribus
579 1225 678 1260 meis
716 1223 918 1260 familiaris
956 1225 1133 1260 animum
1170 1223 1435 1268 palpitantem

233 1289 437 1335 percussit.
498 1287 686 1324 Ceterum
706 1286 847 1323 eadem
871 1286 1149 1332 indignatione
1168 1285 1313 1323 mulier
1331 1285 1435 1322 lace-

233 1356 320 1388 rata
351 1350 518 1387 ulterius
552 1349 768 1387 excanduit
802 1354 844 1386 et
890 1340 915 1356 “
928 1349 969 1387 Si
1005 1351 1092 1395 quis
1123 1348 1222 1386 deus
1255 1349 1437 1386 manibus

233 1417 332 1452 meis
345 1414 367 1426 ”
385 1416 516 1459 inquit
543 1403 568 1420 “
582 1413 731 1450 Gitona
749 1415 988 1458 imponeret,
1009 1425 1128 1458 quam
1151 1412 1253 1448 bene
1274 1411 1434 1448 exulem

234 1468 518 1524 exciperem.’'1
566 1476 747 1522 Uterque
767 1481 947 1512 nostrum
962 1480 1047 1512 tam
1061 1477 1319 1521 inexpectato
1334 1477 1436 1511 ictus

235 1553 331 1578 sono
348 1543 535 1577 amiserat
554 1542 799 1584 sanguinem.
860 1538 947 1584 Ego
968 1540 1182 1584 praecipue
1206 1540 1316 1583 quasi
1336 1550 1437 1574 som-

233 1607 300 1641 nio
319 1603 490 1649 quodam
510 1602 743 1640 turbulento
763 1604 1024 1638 circumactus
1044 1601 1112 1638 diu
1133 1613 1272 1637 vocem
1292 1600 1436 1646 collegi

233 1666 588 1712 tremebundisque
616 1665 798 1702 manibus
836 1664 1022 1710 Eumolpi
1059 1666 1137 1700 iam
1174 1666 1215 1700 in
1255 1676 1437 1709 soporem

232 1727 404 1764 labentis
418 1725 603 1762 laciniam
619 1724 714 1761 duxi
735 1729 777 1760 et
798 1714 908 1760 “Per
923 1722 1061 1759 fidem’
1067 1722 1074 1734 ’
1099 1725 1261 1768 inquam
1278 1712 1437 1767 “‚pater

233 1788 343 1823 cuius
371 1784 471 1821 haec
499 1786 609 1820 navis
639 1787 713 1828 est,
733 1786 803 1818 aut
829 1794 926 1827 quos
957 1780 1089 1825 vehat,
1111 1780 1244 1817 dicere
1265 1779 1435 1825 potes?”

234 1844 486 1890 Inquietatus
514 1841 582 1878 ille
611 1840 779 1877 moleste
808 1839 903 1876 tulit
932 1843 975 1876 et
1004 1829 1134 1875 “Hoc
1164 1837 1285 1875 erat''
1307 1840 1438 1883 inquit

232 1893 258 1910 “
270 1901 377 1949 quod
397 1900 601 1947 placuerat
621 1899 706 1942 tibi,
723 1902 769 1934 ut
788 1910 906 1942 supra
925 1901 1171 1934 constratum
1190 1898 1300 1932 navis
1320 1908 1435 1932 occu-

231 1972 414 2009 paremus
434 1960 742 1996 secretissimum
761 1956 905 2001 locum,
925 1968 977 1992 ne
997 1968 1068 1991 nos
1089 1957 1281 2001 patereris
1302 1956 1434 1999 requi-

232 2019 389 2058 escere?
438 2016 546 2063 Quid
561 2028 677 2062 porro
692 2014 743 2051 ad
757 2027 843 2051 rem
857 2017 1047 2060 pertinet,
1062 2016 1093 2050 si
1109 2013 1246 2050 dixero
1264 2011 1431 2049 Licham

345 2098 358 2118 ¹
369 2098 568 2139 exciperem
585 2095 727 2137 margin
743 2094 794 2126 ed.
815 2094 859 2135 of
870 2093 1084 2125 Tornaesius
1095 2104 1108 2124 .·
1125 2093 1316 2134 exciperet.

345 2154 424 2186 200
