1500 2470
439 210 602 252 TITUS
634 213 945 252 PETRONIUS
974 214 1215 253 ARBITER

219 294 251 329 si
270 306 365 340 non,
385 298 428 331 te
454 294 602 332 iubebo
627 296 670 331 in
696 294 899 332 decuriam
925 297 1121 332 viatorum
1146 293 1311 332 conici.''
1370 293 1425 331 Et

139 360 189 394 48
220 369 359 393 cocum
380 357 543 403 quidem
563 360 770 404 potentiae
789 358 1039 395 admonitum
1058 361 1101 395 in
1120 358 1294 396 culinam
1311 358 1424 395 obso-

219 421 332 456 nium
371 419 499 466 duxit,
534 420 775 458 Trimalchio
808 425 945 458 autem
978 420 1077 458 mihi
1110 420 1162 458 ad
1199 433 1272 458 nos
1310 420 1423 458 vultu

220 485 398 529 respexit
425 487 468 520 et
489 473 514 491 “
527 483 675 520 Vinum
689 484 711 496 '’
734 486 866 529 inquit
885 474 952 520 “si
972 497 1054 520 non
1072 483 1219 530 placet,
1239 483 1424 528 mutabo3

220 558 287 583 vos
325 545 426 583 illud
464 551 624 593 oportet
668 547 818 583 bonum
856 546 1020 584 faciatis.
1086 546 1264 584 Deorum
1302 547 1424 584 bene-

220 608 307 646 ficio
326 622 408 646 non
429 622 532 655 emO,
553 609 625 647 sed
644 623 752 647 nunc
773 609 962 655 quicquid
987 609 1039 647 ad
1065 610 1227 647 salivam
1253 609 1361 655 facit,
1381 612 1423 646 in

222 672 449 709 suburbano
483 676 659 710 nascitur
693 686 754 719 eo,
788 673 894 719 quod
930 685 1005 719 ego
1037 672 1169 710 adhuc
1202 686 1283 710 non
1320 675 1423 710 novi.

223 736 381 773 Dicitur
412 736 567 774 confine
600 749 686 773 esse
716 736 1080 774 Tarraciniensibus
1112 741 1156 774 et
1185 736 1422 774 Tarentinis.

223 799 259 835 Ν
262 812 340 836 unc
356 802 600 845 coniungere
615 799 756 845 agellis
775 799 949 837 Siciliam
965 799 1067 845 volo,
1083 804 1129 836 ut
1143 812 1235 836 cum
1250 799 1426 836 Africam

222 862 385 899 libuerit
400 865 471 909 ire,
484 876 556 909 per
570 876 680 900 meos
694 862 791 900 fines
804 865 1000 908 navigem.
1033 862 1114 900 Sed
1129 876 1244 899 narra
1255 867 1301 900 tu
1313 862 1424 908 mihi,

221 926 516 972 Agamemnon,
543 939 661 972 quam
688 929 998 963 controversiam
1023 925 1143 963 hodie
1170 925 1426 963 declamasti?

221 989 309 1035 Ego
329 980 474 1026 etiam1
495 992 527 1026 si
548 1003 683 1027 causas
703 1003 785 1026 non
804 1002 892 1035 ago,
908 992 950 1026 in
970 981 1270 1026 domusionem²
1288 993 1424 1026 tamen

221 1052 376 1090 litteras
411 1052 543 1089 didici.
604 1052 658 1090 Et
692 1065 744 1090 ne
775 1065 841 1090 me
872 1057 990 1098 putes
1024 1051 1155 1089 studia
1189 1051 1425 1097 fastiditum,

223 1110 288 1152 113
309 1115 583 1162 bybliothecas
604 1115 746 1162 habeo,
767 1129 887 1152 unam
908 1115 1115 1161 Graecam,
1130 1115 1297 1153 alteram
1317 1115 1426 1152 Lati·

220 1192 323 1216 nam.
385 1179 461 1216 Dic
483 1192 591 1225 ergo,
607 1181 639 1216 si
659 1191 724 1216 me
743 1191 863 1224 amas,
885 1181 1107 1225 peristasim
1127 1178 1426 1216 declamationis

221 1242 354 1279 tuae.'’
413 1241 513 1279 Cum
531 1242 697 1279 dixisset
716 1241 1014 1287 Agamemnon:
1035 1232 1225 1288 “Pauper
1251 1246 1294 1278 et
1316 1241 1426 1278 dives

221 1307 371 1342 inimici
401 1305 554 1351 erant,”
585 1308 643 1342 ait
675 1304 916 1342 Trimalchio
946 1295 971 1312 “
985 1304 1094 1351 Quid
1125 1310 1188 1342 est
1216 1304 1424 1351 pauper?’'

221 1359 246 1376 “
262 1368 461 1406 Urbane”
491 1371 623 1414 inquit
649 1367 931 1414 Agamemnon
961 1373 1004 1405 et
1030 1370 1165 1405 nescio
1191 1381 1311 1414 quam
1333 1380 1426 1404 con-

220 1434 452 1469 troversiam
469 1434 661 1478 exposuit.
695 1431 841 1469 Statim
857 1431 1097 1468 Trimalchio
1113 1422 1138 1438 “
1151 1431 1243 1468 Hoc
1257 1430 1278 1443 ”
1296 1433 1427 1476 inquit

221 1485 292 1532 “si
321 1494 472 1532 factum
502 1500 576 1540 est,
598 1497 865 1532 controversia
893 1507 974 1532 non
994 1499 1076 1539 est3
1105 1497 1137 1531 si
1166 1493 1317 1531 factum
1344 1506 1425 1530 non

221 1558 297 1599 est,
316 1553 416 1589 nihil
438 1553 538 1590 est.''
599 1553 714 1589 Haec
740 1552 895 1598 aliaque
922 1565 1013 1589 cum
1033 1552 1272 1589 effusissimis
1291 1564 1425 1598 prose·
1498 1599 1500 1606 Ι

221 1625 435 1658 queremur
448 1611 755 1657 laudationibus,
770 1602 795 1619 “
809 1611 919 1657 Rogo
932 1611 954 1624 ’'
971 1614 1103 1657 inquit
1114 1602 1426 1656 “Agamemnon
1496 1623 1500 1633 ⁵

221 1670 318 1708 mihi
340 1672 552 1716 carissime,
568 1669 763 1715 numquid
783 1669 994 1706 duodecim
1009 1682 1216 1706 aerumnas
1238 1669 1425 1706 Herculis
1492 1687 1500 1718 j

221 1733 350 1774 tenes,
371 1733 442 1766 aut
467 1727 520 1767 de
548 1728 665 1765 Vlixe
692 1727 879 1773 fabulam,
901 1727 1238 1773 quemadmodum
1264 1727 1322 1764 illi
1350 1727 1425 1772 Cy·
1492 1719 1500 1787 Ξ

221 1787 330 1833 elops
352 1786 539 1833 pollicem
559 1780 733 1832 forcipes*
761 1787 951 1823 extorsit?
1009 1786 1194 1824 Solebam
1220 1785 1319 1823 haec
1349 1798 1425 1830 ego

220 1858 320 1892 puer
338 1845 445 1892 apud
470 1845 695 1882 Homerum
715 1844 862 1890 legere.
922 1845 1027 1881 Nam
1048 1844 1240 1890 Sibyllam
1260 1844 1424 1890 quidem
1490 1849 1500 1880 ἲ

222 1903 355 1940 Cumis
375 1915 451 1949 ego
470 1905 554 1949 ipse
575 1902 698 1939 oculis
718 1905 817 1939 meis
847 1902 927 1940 vidi
956 1906 998 1939 in
1026 1903 1200 1949 ampulla
1230 1902 1424 1948 pendere,
1490 1894 1500 1934 l

526 1986 654 2018 ¹etiam
680 1986 797 2018 Wehl:
820 1990 954 2018 autem.

524 2029 792 2061 ¹'domusionem
819 2029 936 2060 Wehl:
959 2028 1144 2060 divisione.

522 2071 535 2092 ³
547 2073 579 2104 11
600 2073 862 2104 Tilebomenus:
883 2076 968 2103 tres.

522 2115 535 2134 ⁴
547 2115 680 2157 forcipe
696 2115 910 2146 Buecheler:
932 2114 1101 2156 poricino.

333 2168 383 2203 84
