1534 2470
441 175 603 220 TITUS
635 174 947 220 PETRONIUS
976 172 1216 218 ARBITER

224 263 399 308 caespite
418 260 549 299 laetus
569 274 678 308 ager,
697 274 780 299 non
798 274 922 299 verno
941 273 1110 308 persona
1128 264 1247 298 cantu

219 332 356 370 mollia
375 332 548 370 discordi
567 335 740 380 strepitu
760 333 934 379 virgulta
951 331 1152 378 locuntur,

220 404 291 442 sed
311 403 430 442 chaos
450 409 494 442 et
513 407 628 450 nigro
648 404 874 451 squalentia
891 405 1050 451 pumice
1070 416 1164 441 saxa

221 475 403 522 gaudent
423 476 538 514 ferali
558 479 707 514 circum
726 475 925 514 tumulata
945 488 1145 523 cupressu.

221 547 308 584 Has
328 549 436 584 inter
457 547 572 585 sedes
594 547 701 585 Ditis
721 552 837 594 pater
856 546 1003 585 extulit
1022 560 1090 585 ora

222 618 429 655 bustorum
449 617 617 656 flammis
637 622 681 656 et
701 631 799 655 cana
818 631 952 666 sparsa
971 617 1117 664 favilla,

221 702 267 726 ac
287 689 359 726 tali
378 689 582 727 volucrem
603 690 821 727 Fortunam
841 703 938 727 voce
957 689 1136 728 lacessit:

224 751 235 768 ‘
248 761 395 798 Rerum
414 761 678 799 humanarum
698 761 1002 808 divinarumque
1022 765 1214 808 potestas,

226 832 333 878 Fors,
354 834 418 869 cui
437 832 549 869 nulla
568 832 702 878 placet
721 835 890 870 nimium
908 845 1047 870 secura
1066 837 1257 879 potestas,
1377 833 1429 869 80

223 916 327 950 quae
346 917 450 940 nova
469 916 628 950 semper
645 917 754 941 amas
773 909 817 941 et
835 917 928 941 mox
947 916 1126 951 possessa
1143 903 1348 949 relinquis,

227 974 372 1020 ecquid
395 975 571 1012 Romano
592 978 717 1012 sentis
738 980 780 1012 te
800 975 979 1022 pondere
997 977 1157 1020 victam,

226 1059 301 1084 nec
320 1059 435 1093 posse
455 1046 622 1084 ulterius
642 1049 860 1093 perituram
881 1046 1074 1084 extollere
1093 1045 1264 1083 molem?

231 1117 319 1164 ipsa
339 1130 427 1155 suas
447 1120 550 1155 vires
570 1117 656 1155 odit
679 1118 854 1154 Romana
872 1119 1060 1155 iuventus

227 1193 271 1226 et
290 1201 387 1235 quas
406 1191 553 1226 struxit
571 1201 680 1235 opes,
700 1188 805 1226 male
825 1191 1007 1226 sustinet.
1066 1188 1213 1235 Aspice
1232 1187 1314 1225 late

228 1260 425 1297 luxuriam
445 1260 660 1307 spoliorum
681 1265 724 1297 et
743 1273 907 1298 censum
926 1262 968 1297 in
988 1259 1133 1297 damna
1151 1259 1364 1296 furentem.
1410 1308 1412 1310 Ι

228 1326 455 1364 Aedificant
474 1339 570 1363 auro
589 1326 785 1372 sedesque
805 1325 855 1363 ad
875 1325 1006 1363 sidera
1023 1328 1206 1371 mittunt,

229 1392 487 1439 expelluntur
506 1405 632 1438 aquae
653 1395 769 1438 saxis,
789 1405 898 1430 mare
918 1394 1094 1429 nascitur
1111 1394 1226 1438 arvis,
1270 1404 1273 1407 ·

231 1464 274 1498 et
293 1464 521 1506 permutata
541 1472 674 1496 rerum
693 1461 866 1496 statione
885 1458 1095 1496 rebellant.

230 1526 293 1564 En
313 1529 435 1564 etiam
455 1539 544 1562 mea
563 1538 689 1571 regna
707 1530 864 1571 petunt.
926 1524 1105 1562 Perfossa
1123 1523 1296 1562 dehiscit
1378 1526 1430 1566 90

231 1592 402 1631 molibus
421 1594 570 1629 insanis
590 1591 724 1637 tellus,
744 1594 823 1628 iam
842 1591 1045 1628 montibus
1063 1590 1214 1628 haustis

230 1664 345 1697 antra
362 1663 545 1705 gemunt,
567 1663 609 1695 et
628 1657 724 1695 dum
743 1649 880 1694 vanos1
898 1657 997 1703 lapis
1015 1660 1171 1695 invenit
1189 1669 1295 1704 usus,

230 1726 378 1764 inferni
397 1738 535 1762 manes
555 1724 709 1762 caelum
729 1737 887 1770 sperare
908 1723 1096 1761 fatentur.

231 1792 366 1839 Quare
386 1804 475 1837 age,
497 1791 605 1836 Fors,
625 1795 737 1828 muta
755 1795 942 1836 pacatum
960 1792 1003 1827 in
1021 1789 1171 1836 proelia
1189 1789 1345 1827 vultum

232 1859 509 1903 Romanosque
529 1860 589 1894 cie
608 1869 654 1893 ac
674 1859 819 1894 nostris
839 1856 890 1893 da
909 1855 1050 1893 funera
1067 1858 1211 1903 regnis.

233 1925 318 1963 Iam
337 1924 494 1972 pridem
512 1923 624 1960 nullo
643 1922 921 1969 perfundimus
940 1935 1007 1960 ora
1026 1935 1178 1969 cruore,

233 2005 308 2030 nec
327 2004 417 2028 mea
437 1989 653 2036 Tisiphone
674 1991 846 2026 sitientis
866 1989 1014 2036 perluit
1033 1994 1155 2036 artus,

446 2066 459 2086 ¹
471 2075 584 2098 vanos
599 2065 811 2097 Delbenius:
833 2075 947 2097 vanus
966 2064 1019 2097 0:
1041 2065 1161 2097 varios
1176 2065 1215 2097 L.

342 2121 419 2156 258
