1500 2470
108 851 157 885 23

105 1746 155 1778 24

412 196 574 235 TITUS
606 196 917 235 PETRONIUS
947 197 1186 235 ARBITER

192 276 380 324 poculum
407 281 529 323 caput
554 268 720 322 tetigit.¹
781 277 848 314 Ad
867 290 988 323 quem
1013 281 1139 315 ictum
1158 278 1394 317 exclamavit

190 339 258 377 illa
286 342 515 386 pariterque
537 344 580 377 et
607 339 714 377 fures
740 340 918 387 prodidit
945 345 988 378 et
1012 346 1169 388 partem
1195 341 1394 380 ebriorum

191 406 390 441 excitavit.
450 403 539 449 Syri
568 402 626 440 illi
655 406 722 449 qui
752 408 946 441 venerant
975 403 1027 441 ad
1055 404 1256 451 praedam,
1285 410 1394 452 post-

190 479 309 513 quam
329 465 601 513 deprehensos
620 478 663 503 se
683 466 984 513 intellexerunt,
1005 469 1154 514 pariter
1173 467 1393 506 secundum

190 530 340 567 lectum
373 529 648 576 conciderunt,
680 534 727 567 ut
760 534 922 576 putares
956 529 1032 567 hoc
1071 533 1315 578 convenisse,
1349 536 1393 570 et

190 597 360 630 stertere
380 597 572 638 tanquam
591 592 686 630 olim
706 592 950 630 dormientes
971 598 1200 639 coeperunt.

245 655 330 693 Iam
350 661 393 693 et
412 655 700 694 tricliniarches
716 661 972 702 experrectus
986 656 1158 694 lucernis
1174 657 1391 695 occidenti-

189 720 262 757 bus
282 719 415 757 oleum
434 719 650 765 infuderat,
667 724 710 757 et
728 722 843 766 pueri
862 719 1030 757 detersis
1050 720 1250 767 paulisper
1268 721 1392 758 oculis

188 783 392 821 redierant
411 782 462 820 ad
481 785 760 829 ministerium,
777 796 868 820 cum
887 786 1039 821 intrans
1062 783 1330 830 cymbalistria
1349 789 1392 822 et

188 859 431 893 concrepans
450 859 541 883 aera
560 859 698 883 omnes
718 848 916 884 excitavit.
962 846 1172 884 Refectum
1192 849 1315 893 igitur
1329 852 1392 884 est

190 912 413 947 convivium
435 914 477 946 et
496 922 629 946 rursus
650 908 848 955 Quartilla
867 909 919 947 ad
939 909 1158 947 bibendum
1177 912 1387 948 revocavit.

188 973 356 1011 Adiuvit
374 972 618 1010 hilaritatem
638 975 884 1010 comissantis
905 973 1182 1019 cymbalistria.
1201 1001 1209 1010 .
1229 1002 1237 1010 .
1256 1002 1264 1010 .

244 1036 376 1074 Intrat
390 1035 591 1082 cinaedus,
600 1035 720 1072 homo
732 1038 910 1072 omnium
925 1035 1204 1073 insulsissimus
1217 1040 1260 1073 et
1270 1035 1390 1082 plane

188 1100 256 1138 illa
275 1099 394 1137 domo
414 1099 571 1144 dignus,
593 1101 660 1144 qui
680 1103 727 1135 ut
746 1098 924 1135 infractis
943 1099 1125 1136 manibus
1146 1101 1389 1145 congemuit,

187 1162 381 1202 eiusmodi
402 1164 576 1199 carmina
595 1161 755 1199 effudit:

242 1226 372 1271 “Huc
392 1233 471 1270 huc
492 1225 590 1270 cito²
610 1235 823 1270 convenite
843 1245 963 1278 nunc,
983 1232 1307 1279 spatalocinaedi,

280 1297 388 1334 Pede
408 1296 579 1342 tendite,
596 1309 754 1333 cursum
773 1295 924 1341 addite,
941 1295 1148 1333 convolate
1168 1295 1306 1342 planta

279 1351 543 1406 Femoreque3
563 1358 681 1405 facili,
698 1358 815 1396 clune
836 1359 930 1404 agili
950 1363 993 1396 et
1012 1372 1132 1396 manu
1152 1371 1349 1405 procaces,

278 1423 436 1469 Molles,
452 1427 622 1468 veteres,
640 1422 793 1460 Deliaci
812 1435 933 1459 manu
952 1422 1104 1459 recisi.”

185 1489 439 1533 Consumptis
459 1486 636 1524 versibus
657 1488 735 1523 suis
755 1485 1070 1522 immundissimo
1089 1497 1154 1522 me
1170 1484 1278 1522 basio
1293 1497 1386 1521 con-

184 1554 301 1598 spuit.
362 1550 458 1586 Mox
493 1554 536 1586 et
568 1561 687 1595 super
719 1548 870 1586 lectum
903 1550 1015 1586 venit
1050 1553 1172 1594 atque
1205 1551 1313 1585 omni
1347 1550 1385 1585 vi

184 1614 342 1653 detexit
378 1616 640 1650 recusantem.
701 1611 828 1658 Super
865 1613 1030 1657 inguina
1061 1624 1151 1648 mea
1184 1610 1252 1648 diu
1283 1611 1383 1648 mul-

183 1683 350 1723 tumque
376 1675 523 1713 frustra
547 1675 700 1712 moluit.
761 1674 1014 1712 Profluebant
1032 1686 1104 1720 per
1126 1673 1300 1711 frontem
1319 1686 1383 1711 su-

185 1740 317 1778 dantis
329 1741 484 1776 acaciae
500 1740 586 1784 rivi,
601 1742 644 1776 et
658 1741 764 1775 inter
778 1750 895 1783 rugas
910 1736 1103 1774 malarum
1117 1741 1278 1774 tantum
1297 1741 1383 1774 erat

182 1809 328 1849 cretae,
348 1807 396 1840 ut
414 1807 575 1849 putares
596 1801 802 1839 detectum
821 1803 1017 1847 parietem
1036 1800 1172 1837 nimbo
1190 1799 1378 1837 laborare.

182 1867 274 1904 Non
293 1868 408 1903 tenui
429 1877 505 1910 ego
525 1864 674 1901 diutius
694 1863 886 1909 lacrimas,
907 1863 978 1900 sed
1000 1862 1051 1900 ad
1082 1862 1264 1900 ultimam
1290 1875 1380 1909 per-

181 1930 325 1967 ductus
356 1930 560 1965 tristitiam
592 1918 816 1972 “Quaeso”
850 1929 1012 1973 inquam
1044 1916 1249 1971 “domina,
1270 1930 1379 1963 certe

517 1998 529 2016 ¹
543 1999 672 2040 tetegit
687 1998 876 2030 Buecheler
887 2009 900 2030 .·
922 1998 1042 2038 fregit.

517 2041 531 2061 2
541 2043 611 2074 cito
628 2042 745 2073 added
757 2041 799 2082 by
815 2041 1014 2072 Buecheler.

516 2084 529 2104 ³
539 2096 606 2126 que
623 2085 738 2116 added
751 2085 793 2123 by
807 2084 1008 2116 Buecheler.

289 2149 339 2182 32
