1500 2470
424 186 586 225 TITUS
618 186 929 225 PETRONIUS
958 187 1198 225 ARBITER

126 270 174 302 14-
259 265 407 303 Contra
421 266 606 312 Ascyltos
618 265 730 311 leges
742 267 912 304 timebat
926 258 1111 314 et“Quis
1121 267 1142 280 '⁸
1156 268 1290 306 aiebat
1298 258 1406 306 “ho'c

204 320 292 358 loco
324 334 396 358 nos
429 324 552 367 novit,
582 326 653 359 aut
686 324 773 367 quis
806 321 972 359 habebit
1004 322 1230 361 dicentibus
1261 322 1405 360 fidem?

205 376 307 413 Mihi
335 376 455 423 plane
483 376 618 423 placet
636 389 783 423 emere,
804 380 981 423 quamvis
1008 382 1189 416 nostrum
1214 379 1279 424 sit,
1298 378 1405 424 quod

203 434 466 478 agnoscimus,
476 437 518 468 et
532 444 653 478 parvo
665 444 757 469 aere
769 445 1003 478 recuperare
1016 436 1149 479 potius
1160 432 1406 480 thesaurum,

205 499 323 533 quam
343 490 385 524 in
404 487 632 532 ambiguam
650 487 765 524 litem
784 486 1050 526 descendere:

116 541 186 579 LO
261 533 267 587 Ι
286 541 396 588 Quid
416 541 566 579 faciant
584 541 709 588 leges,
729 542 798 579 ubi
817 542 899 579 sola
919 545 1088 589 pecunia
1106 547 1262 589 regnat,

313 602 384 634 aut
403 597 471 634 ubi
490 602 702 644 paupertas
722 600 881 634 vincere
900 597 1010 635 nulla
1028 599 1187 644 potest?

263 651 343 698 Ipsi
363 654 430 698 qui
451 652 599 698 Cynica
617 651 834 690 traducunt
853 657 1034 699 tempora
1052 645 1178 700 pera,1

316 719 398 744 non
418 720 622 753 nunquam
642 710 813 744 nummis
833 707 1008 744 vendere
1023 721 1116 745 vera
1135 700 1297 746 solent.²

262 762 369 808 Ergo
388 761 579 799 iudicium
598 761 698 798 nihil
719 767 781 799 est
799 765 875 799 nisi
894 762 1052 808 publica
1071 775 1236 808 merces,

315 822 437 863 atque
458 829 580 863 eques
599 820 640 853 in
661 830 777 854 causa
796 819 863 863 qui
883 817 1012 863 sedet,
1033 823 1168 864 empta
1187 817 1367 864 probat.’¹

154 872 188 909 L
245 863 251 918 Ι
270 872 351 910 Sed
363 877 522 918 praeter
534 885 659 909 unum
673 865 940 918 dipondium?
961 885 1040 918 quo
1055 875 1158 910 cicer
1171 872 1407 919 lupinosque

209 927 548 965 destinaveramus
562 930 742 972 mercari,
757 927 856 964 nihil
876 927 927 964 ad
946 940 1108 965 manum
1127 932 1223 965 erat.
1266 927 1407 974 Itaque

209 995 261 1019 ne
280 985 443 1019 interim
462 982 609 1028 praeda
627 981 866 1028 discederet,
886 981 950 1020 vel
969 985 1130 1020 minoris
1152 982 1316 1028 pallium
1339 983 1408 1020 ad-

211 1037 344 1075 dicere
360 1037 510 1084 placuit
530 1029 591 1074 et⁴
609 1040 783 1083 pretium
802 1040 958 1074 maioris
977 1037 1203 1084 compendii
1220 1037 1409 1076 leviorem

210 1091 341 1130 facere
350 1085 365 1108 ⁵
392 1095 594 1129 iacturam.
623 1092 722 1129 Cum
737 1095 909 1138 primum
923 1105 1019 1138 ergo
1033 1092 1292 1139 explicuimus
1306 1105 1410 1130 mer-

211 1160 312 1193 cem,
331 1147 475 1185 mulier
494 1139 652 1193 operto⁸
666 1150 809 1193 capite,
829 1160 930 1193 quae
950 1160 1042 1184 cum
1060 1150 1207 1184 rustico
1225 1152 1407 1193 steterat,
1431 1157 1441 1165 ‘

213 1205 403 1248 inspectis
432 1202 665 1247 diligentius
693 1204 816 1247 signis
843 1204 981 1239 iniecit
1009 1207 1218 1248 utramque
1242 1201 1409 1239 laciniae

212 1274 374 1298 manum
393 1273 617 1306 magnaque
636 1259 918 1297 vociferatione
934 1250 1192 1297 “Latrones’'
1208 1251 1408 1305 [tenere]⁷

214 1320 408 1357 clamavit.
451 1319 599 1356 Contra
627 1331 698 1356 nos
726 1319 961 1364 perturbati,
981 1331 1033 1356 ne
1061 1318 1287 1355 videremur
1309 1318 1409 1356 nihil

212 1391 346 1424 agere,
373 1382 416 1415 et
445 1381 520 1424 ipsi
550 1380 709 1415 scissam
739 1382 781 1414 et
811 1377 1008 1414 sordidam
1038 1382 1179 1415 tenere
1209 1380 1410 1423 coepimus

213 1440 391 1475 tunicam
410 1442 531 1482 atque
551 1436 693 1473 eadem
718 1435 866 1473 invidia
894 1435 1147 1481 proclamare,
1167 1440 1302 1473 nostra
1324 1448 1410 1473 esse

214 1496 338 1543 spolia
352 1508 453 1542 quae
473 1494 531 1532 illi
550 1494 811 1542 possiderent.
844 1494 925 1532 Sed
947 1494 1057 1532 nullo
1071 1507 1220 1540 genere
1239 1507 1310 1540 par
1325 1499 1410 1531 erat

213 1567 341 1600 causa,
362 1545 509 1600 [nam]⁸
529 1558 571 1591 et
591 1545 789 1591 eociones⁹
808 1556 876 1599 qui
895 1553 946 1590 ad
966 1553 1179 1590 clamorem
1208 1551 1408 1589 confluxe-

214 1618 317 1659 rant,
334 1618 510 1650 nostram
529 1612 681 1650 scilicet
700 1611 751 1649 de
764 1625 873 1649 more
888 1611 1074 1648 ridebant
1088 1611 1289 1656 invidiam,
1302 1610 1409 1656 quod

213 1685 285 1719 pro
312 1672 381 1709 illa
405 1676 519 1718 parte
538 1669 794 1709 vindicabant
812 1672 1134 1716 pretiosissimam
1152 1674 1318 1714 vestem,
1338 1681 1409 1715 pro

256 1739 268 1758 ¹
280 1750 367 1781 pera
384 1738 581 1770 Heinsius:
604 1747 697 1769 cera.

258 1782 271 1802 ²
284 1782 436 1814 vendere
458 1792 544 1813 vera
576 1781 691 1812 solent
720 1780 790 1811 cod.
826 1779 1019 1811 Vossianus
1047 1778 1172 1820 (verba
1200 1778 1243 1819 L)
1258 1789 1266 1810 t
1297 1778 1408 1810 verba

215 1827 330 1858 solent
345 1836 461 1856 emere
477 1824 575 1856 other
587 1823 690 1855 MSS.

253 1868 266 1888 ³
275 1868 490 1910 dupondium
508 1868 593 1898 sicel
609 1866 817 1907 lupinosque
827 1865 954 1906 quibus
966 1865 1274 1896 destinaveramus
1284 1864 1408 1895 MSS..-

215 1912 381 1944 corrected
401 1911 444 1952 by
470 1910 678 1946 Gronovius,
697 1907 888 1940 Buecheler
907 1909 984 1939 and
1004 1918 1052 1939 an
1077 1908 1251 1939 unknown
1273 1907 1410 1938 scholar

215 1954 417 1987 mentioned
428 1955 470 1994 by
484 1952 665 1985 Bos-chius.

257 1997 318 2029 *εἰ
332 1996 542 2029 Buecheler:
565 1999 613 2026 ut.
821 1993 834 2012 ⁶
845 1993 962 2025 facere
978 1993 1184 2025 Buecheler.-
1205 1992 1350 2023 faceret.

257 2039 406 2082 ⁸operto
431 2039 604 2071 Wouwer:
625 2041 764 2078 aperto.
827 2036 840 2057 ⁷
852 2035 903 2058 ³¹¹⁶
914 2036 927 2056 ⁸
937 2037 1115 2068 bracketed
1128 2036 1171 2077 by
1186 2035 1383 2068 Buecheler.

258 2083 271 2104 ³
282 2083 446 2116 cociones
462 2082 521 2123 qui
537 2081 759 2113 Salmasius:
783 2080 971 2112 conciones
987 2090 1090 2121 quae.

327 2138 374 2171 18
