1534 2470
147 954 219 991 117

467 174 630 213 TITUS
660 174 973 214 PETRONIUS
1001 174 1242 212 ARBITER

247 252 322 291 hac
345 254 444 291 urbe
465 253 657 301 videritis,
677 257 821 292 scitote
841 257 883 291 in
907 254 1005 292 duas
1030 259 1166 302 partes
1186 267 1273 292 esse
1291 253 1446 292 divisos.

247 316 352 354 Nam
374 322 445 354 aut
471 322 683 364 captantur
707 322 778 356 aut
803 323 977 364 captant.
1038 317 1088 355 In
1112 317 1188 355 hac
1206 318 1305 355 urbe
1331 329 1450 355 nemo

246 380 391 418 liberos
410 380 530 426 tollit,
544 384 636 427 quia
655 384 831 428 quisquis
849 394 939 419 suos
959 381 1128 419 heredes
1147 381 1284 428 habet,
1299 394 1381 418 non
1399 379 1449 418 ad

248 435 395 490 cenas,¹
410 456 493 481 non
507 444 558 481 ad
574 444 801 490 spectacula
815 443 1056 490 admittitur,
1070 444 1142 482 sed
1158 444 1341 482 omnibus
1359 456 1449 491 pro-

248 507 410 544 hibetur
424 507 653 553 commodis,
669 510 775 545 inter
789 510 1072 554 ignominiosos
1085 507 1231 545 latitat.
1263 506 1344 553 Qui
1357 519 1451 545 vero

248 583 324 608 nec
342 583 485 608 uxores
504 584 680 617 unquam
700 570 903 608 duxerunt
921 583 997 608 nec
1016 574 1213 617 proximas
1231 573 1450 608 necessitu-

249 633 363 671 dines
382 633 547 680 habent,
567 634 619 671 ad
647 647 820 672 summos
848 634 1019 672 honores
1044 636 1298 681 perveniunt,
1318 633 1360 671 id
1389 637 1451 671 est

248 697 321 735 soli
349 697 554 743 militares,
581 697 654 735 soli
682 696 886 735 fortissimi
913 702 1035 743 atque
1065 699 1187 734 etiam
1215 699 1451 734 innocentes

249 760 459 798 habentur.
519 760 725 798 Adibitis’'
760 763 892 807 inquit
925 751 1149 807 “oppidum
1181 764 1372 806 tanquam
1408 762 1451 796 in

250 823 481 870 pestilentia
500 837 671 870 campos,
691 826 734 860 in
753 824 896 870 quibus
914 823 1015 860 nihil
1034 822 1142 860 aliud
1162 827 1224 861 est
1242 825 1318 860 nisi
1337 821 1451 860 eada-

250 900 355 933 vera,
376 900 477 934 quae
496 887 735 933 lacerantur,
755 891 825 924 aut
844 889 962 933 corvi,
983 889 1052 933 qui
1071 885 1280 924 lacerant”
1303 914 1311 923 .
1335 914 1344 923 .
1366 914 1375 923 .

305 950 540 997 prudentior
574 949 792 996 Eumolpus
823 952 1021 987 convertit
1053 949 1105 986 ad
1141 952 1362 986 novitatem
1393 951 1451 986 rei

250 1019 430 1052 mentem
449 1026 656 1059 genusque
672 1013 926 1050 divinationis
946 1013 1020 1050 sibi
1039 1025 1120 1050 non
1135 1012 1344 1059 displicere
1359 1025 1452 1049 con-

251 1077 378 1115 fessus
390 1081 461 1115 est.
495 1076 620 1114 Iocari
636 1089 711 1122 ego
726 1089 865 1114 senem
879 1078 1036 1122 poetica
1046 1075 1212 1113 levitate
1227 1075 1452 1120 credebam,

253 1154 343 1178 cum
362 1139 431 1178 ille
453 1130 478 1148 “
490 1140 656 1178 Utinam
676 1139 838 1186 quidem
859 1139 1055 1176 sufficeret
1073 1138 1219 1184 largior
1237 1151 1391 1184 scaena,
1410 1138 1452 1175 id

253 1209 316 1242 est
334 1206 455 1241 vestis
474 1202 696 1249 humanior,
710 1205 1023 1240 instrumentum
1036 1202 1195 1248 lautius,
1215 1201 1321 1248 quod
1339 1214 1452 1248 prae·

253 1268 369 1305 beret
386 1266 595 1304 mendacio
614 1265 754 1303 fidem:
783 1278 865 1303 non
893 1264 1142 1303 mehercules
1168 1277 1313 1311 penam
1335 1267 1451 1302 istam

253 1329 466 1376 differrem,
486 1329 558 1367 sed
578 1332 768 1366 continuo
788 1341 855 1366 vos
878 1328 930 1366 ad
952 1341 1116 1374 magnas
1135 1339 1230 1374 opes
1250 1327 1448 1365 ducerem.

255 1394 410 1440 Atquin
421 1395 624 1439 promitto,
638 1391 827 1439 quicquid
840 1394 1033 1437 exigeret,
1046 1390 1261 1428 dummodo
1275 1390 1453 1437 placeret

254 1459 389 1503 vestis,
408 1458 569 1502 rapinae
590 1468 735 1501 comes,
756 1460 799 1492 et
818 1454 1008 1501 quicquid
1027 1453 1200 1500 Lycurgi
1225 1453 1320 1491 villa
1343 1466 1452 1500 gras-

255 1519 433 1558 santibus
466 1519 724 1565 praebuisset.
784 1517 888 1554 Nam
916 1530 1099 1554 nummos
1127 1519 1169 1554 in
1197 1521 1451 1563 praesentem

256 1596 370 1621 usum
389 1581 510 1619 deum
529 1586 699 1618 matrem
718 1594 789 1627 pro
809 1580 887 1618 fide
907 1593 976 1618 sua
995 1579 1274 1617 reddituram”
1297 1609 1304 1616 .
1329 1609 1336 1615 .
1361 1609 1369 1616 .

309 1636 453 1692 “Quid
482 1645 607 1690 ergo'’
634 1646 765 1690 inquit
791 1643 1009 1689 Eumolpus
1029 1633 1259 1680 “cessamus
1286 1645 1450 1680 mimum

255 1708 519 1756 componere?
577 1707 712 1744 Facite
741 1720 836 1753 ergo
854 1720 919 1743 me
940 1706 1159 1752 dominum,
1179 1708 1211 1743 si
1230 1708 1452 1751 negotiatio

255 1767 425 1815 placet.”
479 1766 610 1804 Nemo
632 1779 748 1803 ausus
768 1770 830 1803 est
855 1770 983 1802 artem
1002 1764 1190 1801 damnare
1207 1756 1316 1810 {nihil
1341 1763 1450 1801 aufe-

256 1831 423 1864 rentem.
483 1824 624 1871 Itaquxe
644 1829 690 1861 ut
709 1823 871 1861 duraret
895 1826 1002 1860 inter
1027 1835 1164 1860 omnes
1186 1827 1321 1860 tutum
1338 1835 1451 1860 men-

255 1885 426 1930 dacium,
453 1886 495 1920 in
528 1883 648 1920 verba
681 1881 866 1928 Eumolpi
901 1886 1190 1918 sacramentum
1221 1882 1450 1918 iuravimus:

256 1946 328 1990 uri,
365 1945 519 1987 vinciri,
552 1941 750 1979 verberari
787 1940 970 1986 ferroque
1008 1942 1153 1985 necari,
1188 1945 1231 1977 et
1263 1937 1451 1985 quicquid

256 2001 363 2040 aliud
389 2000 607 2046 Eumolpus
625 2001 811 2036 iussisset.
870 1998 1076 2044 Tanquam
1104 1997 1274 2043 legitimi
1300 1996 1450 2043 gladia-

575 2071 584 2090 ¹
597 2081 708 2103 cenas
722 2069 946 2112 Bongarsius
955 2080 968 2101 .·
983 2079 1122 2101 scenas.
