1534 2470
168 618 215 651 14

170 1280 214 1313 15

465 194 627 231 TITUS
658 194 968 233 PETRONIUS
995 193 1235 231 ARBITER

245 274 310 312 Sic
330 276 537 311 commissa
557 285 698 310 verens
718 272 855 310 avidus
875 264 1074 310 reserarel
1094 275 1276 310 minister

246 329 350 366 fodit
370 329 535 366 humum
556 330 742 374 regisque
762 327 937 365 latentes
957 327 1134 374 prodidit
1154 340 1278 365 aures.

246 385 442 431 Concepit
461 397 554 420 nam
574 388 681 420 terra
700 396 816 421 sonos
837 383 1058 430 calamique
1077 383 1291 429 loquentes

245 432 475 477 incinuere²
497 438 662 485 Midam,
685 438 844 485 qualem
865 443 1094 476 narraverat
1112 437 1246 475 index.

247 562 296 599 87
319 557 475 595 P.L.M.

247 613 335 651 Illic
355 613 520 650 alternis
536 612 745 659 depugnat
764 617 910 659 pontus
932 617 975 650 et
994 625 1074 658 aer,

355 668 420 705 hic
439 671 523 705 rivo
542 670 657 705 tenui
677 670 812 714 pervia
831 667 938 705 ridet
956 667 1111 705 humus.

246 724 334 761 Illic
353 716 578 761 demersas3
598 723 819 769 complorat
837 725 971 760 navita
989 714 1156 769 puppes,

355 778 419 815 hic
439 783 574 824 pastor
592 780 681 815 miti
700 778 848 824 perluit
867 791 984 815 amne
1003 790 1135 824 pecus.

248 834 334 871 Illic
354 837 547 871 immanes
565 846 671 870 mors
691 827 853 870 obdita4
872 833 990 870 solvit
1010 832 1155 878 hiatus,

356 889 420 926 hic
438 888 591 935 gaudet
611 901 729 926 curva
748 888 850 925 falce
869 891 994 925 recisa
1014 888 1143 925 Ceres.

247 944 333 982 Illic
354 947 460 981 inter
479 956 599 990 aquas
621 945 699 980 urit
718 946 803 980 sitis
822 943 931 980 arida
950 943 1098 989 fauces,

353 999 418 1036 hic
438 999 533 1036 data
554 991 735 1045 periuro⁵
756 999 863 1035 basia
881 998 1009 1035 multa
1028 1001 1120 1035 viro.

247 1054 420 1101 Naviget
434 1059 477 1091 et
495 1053 637 1091 fluctus
656 1053 777 1091 lasset
795 1053 1002 1091 mendicus
1022 1053 1171 1100 Vlixes,

353 1112 395 1146 in
414 1112 531 1147 terris
550 1112 658 1146 vivet
677 1108 846 1145 candida
867 1108 1078 1154 Penelope.

246 1224 295 1258 88
316 1218 473 1257 P.L.M.

246 1275 326 1322 Qui
346 1274 447 1311 nolit
466 1287 678 1321 properare
721 1275 821 1310 mori
840 1286 916 1311 nec
936 1286 1079 1319 cogere
1098 1272 1181 1311 fata

353 1330 488 1367 mollia
507 1331 714 1376 praecipiti
733 1341 918 1375 rumpere
938 1328 1003 1365 fila
1021 1341 1155 1375 manu,

245 1385 439 1423 hactenus
458 1387 603 1422 irarum
622 1397 731 1421 mare
751 1386 918 1421 noverit.
964 1383 1068 1421 Ecce
1088 1383 1222 1421 refuso

353 1443 514 1486 gurgite
534 1452 692 1477 securos
712 1439 840 1476 obluit
859 1438 966 1476 unda
985 1438 1119 1485 pedes.

246 1495 350 1533 Ecce
370 1498 477 1532 inter
496 1494 641 1532 virides
661 1497 829 1531 iactatur
849 1493 1011 1540 mytilus
1031 1493 1139 1540 algas

355 1555 398 1588 et
414 1563 532 1587 rauco
552 1549 723 1587 trahitur
742 1549 892 1586 lubrica
912 1548 1062 1586 concha
1082 1550 1181 1585 sinu.

246 1606 350 1643 Ecce
369 1610 620 1643 recurrentes
640 1618 718 1650 qua
736 1609 868 1641 versat
887 1603 1028 1641 fluetus
1047 1615 1198 1648 arenas,

354 1660 524 1698 discolor
542 1662 680 1697 attrita
700 1659 872 1696 calculus
893 1661 976 1696 exit
994 1657 1126 1695 humo.

250 1717 360 1753 Haec
381 1717 557 1761 quisquis
577 1715 728 1752 calcare
748 1719 895 1760 potest,
915 1716 956 1750 in
976 1713 1093 1750 litore
1113 1717 1204 1750 tuto

352 1770 466 1808 ludat
487 1775 529 1807 et
549 1769 623 1806 hoc
644 1769 771 1807 solum
791 1769 942 1806 iudicet
961 1781 1047 1805 esse
1067 1780 1185 1805 mare.

284 1835 289 1852 ¹
306 1844 433 1866 verens
449 1843 612 1865 reserare
628 1832 862 1874 Fulgentius:
883 1831 1002 1862 ferens
1014 1853 1022 1862 .
1041 1854 1048 1863 .
1064 1853 1073 1863 .
1090 1840 1235 1862 seruare
1260 1827 1297 1862 V.

282 1877 483 1908 ‘²incinuere
500 1876 721 1908 Salmasius:
744 1875 946 1906 inuenerem
972 1874 1007 1908 V.

283 1920 490 1951 ³demersas
506 1919 708 1950 Baehrens:
730 1918 866 1950 divisas
887 1917 925 1949 V.

283 1963 429 1995 ‘obdita
444 1963 646 1994 Baehrens:
668 1960 779 1993 oblita
802 1961 837 1992 V.

281 2006 294 2026 ⁵
308 2007 396 2038 data
422 2006 644 2047 Wernsdorf:
678 2005 725 2036 da
757 2004 794 2036 V.
820 2003 961 2046 periuro
979 2003 1147 2045 probably
1169 2005 1332 2045 corrupt.-
1359 2006 1436 2045 per-

237 2051 328 2090 haps
344 2060 506 2091 quaeque
522 2059 587 2080 suo
602 2048 739 2080 Butler.

279 2092 293 2113 ⁶
305 2093 393 2124 nolit
412 2092 642 2132 Oudendorp.-
658 2090 779 2122 moluit
791 2090 828 2122 V.
848 2100 1042 2131 properare
1062 2089 1211 2120 Tollius.-
1222 2099 1376 2130 prepare
1395 2088 1430 2122 V.

350 2147 428 2180 350

687 1266 702 1291 6
