1500 2470
397 206 559 245 TITUS
591 207 902 246 PETRONIUS
931 206 1171 244 ARBITER

176 287 340 333 capillos
374 287 519 325 liberos
551 286 714 334 habere,
748 300 825 325 nec
857 287 1108 325 mehercules
1142 300 1212 325 sua
1244 286 1380 334 culpa;

176 356 263 401 ipso
283 356 391 391 enim
410 354 531 391 homo
550 354 692 391 melior
714 368 795 392 non
820 359 902 399 est3
931 353 1003 392 sed
1025 354 1161 392 liberti
1185 354 1380 400 scelerati,

177 423 246 468 qui
279 424 412 458 omnia
444 420 496 459 ad
530 434 573 459 se
606 421 802 460 fecerunt.
861 421 971 459 Scito
1002 426 1159 459 autem:
1188 423 1382 459 sociorum

177 487 256 525 olla
275 488 379 526 male
400 488 543 534 fervet,
564 492 607 525 et
626 488 695 525 ubi
714 488 839 526 semel
866 501 928 526 res
954 487 1146 525 inclinata
1172 492 1247 534 est,
1265 489 1382 524 amici

177 554 229 593 de
244 555 388 592 medio.
430 555 484 592 Et
499 568 619 601 quam
633 555 844 592 honestam
858 557 1175 601 negotiationem
1190 556 1381 599 exercuit,

178 622 285 668 quod
305 622 419 659 illum
445 625 500 659 sic
523 621 645 659 vides.
706 622 964 659 Libitinarius
991 621 1078 659 fuit.
1137 621 1302 660 Solebat
1326 623 1382 658 sic

177 702 335 735 cenare,
351 688 550 735 quomodo
569 702 660 726 rex:
676 702 790 735 apros
806 693 1057 735 gausapatos,
1072 701 1192 735 opera
1206 690 1381 735 pistoria,

178 759 274 802 avis,
302 769 430 802 cocos,
460 758 639 802 pistores.
701 755 794 793 Plus
823 758 905 792 vini
933 755 1007 793 sub
1035 768 1174 793 mensa
1203 753 1381 792 effunde-

178 824 307 870 batur,
337 836 456 869 quam
484 823 625 869 aliquis
653 825 696 860 in
725 822 826 860 cella
854 822 987 860 habet.
1048 822 1273 868 Phantasia,
1300 834 1382 858 non

179 890 309 928 homo.
370 890 577 928 Inclinatis
597 903 755 936 quoque
775 890 894 927 rebus
917 893 1009 936 suis,
1030 903 1121 927 cum
1144 892 1308 926 timeret
1329 901 1382 926 ne

179 958 397 995 creditores
426 957 539 994 illum
568 958 806 995 conturbare
841 960 1130 1003 existimarent,
1158 956 1234 994 hoc
1263 955 1383 993 titulo

178 1027 407 1062 auctionem
426 1027 674 1071 proscripsit:
705 1015 781 1062 “C.
806 1024 930 1062 Iulius
951 1023 1140 1061 Proculus
1155 1025 1382 1061 auctionem

179 1091 300 1128 faciet
319 1104 452 1128 rerum
472 1092 842 1138 supervacuarum.’'

99 1162 150 1201 39
236 1158 516 1204 Interpellavit
542 1163 626 1195 tam
655 1158 793 1195 dulces
821 1157 973 1195 fabulas
999 1156 1264 1202 Trimalchio;
1290 1170 1383 1194 nam

179 1228 258 1263 iam
278 1225 479 1262 sublatum
500 1230 586 1262 erat
606 1224 815 1270 ferculum,
836 1224 1060 1270 hilaresque
1084 1226 1272 1262 convivae
1292 1227 1384 1261 vino

179 1292 507 1338 sermonibusque
528 1291 740 1337 publicatis
760 1304 921 1338 operam
941 1296 1157 1338 coeperant
1179 1291 1285 1329 dare.
1345 1290 1385 1328 Is

179 1371 276 1404 ergo
288 1358 504 1396 reclinatus
519 1360 561 1394 in
577 1359 758 1395 cubitum
779 1348 806 1365 “
820 1358 911 1394 Hoc
931 1360 1068 1394 vinum
1082 1357 1104 1370 ”
1126 1359 1258 1403 inquit
1278 1347 1306 1364 “
1317 1369 1385 1393 vos

179 1430 340 1472 oportet
358 1438 478 1462 suave
498 1424 662 1462 faciatis.
725 1425 856 1462 Pisces
876 1429 1014 1462 natare
1030 1428 1200 1470 oportet.
1261 1423 1384 1469 Rogo,

179 1505 245 1530 me
271 1494 421 1538 putatis
445 1491 513 1528 illa
540 1505 639 1528 cena
665 1504 751 1529 esse
776 1496 1025 1537 contentum,
1052 1504 1171 1537 quam
1199 1493 1241 1527 in
1267 1489 1386 1527 theca

180 1561 403 1605 repositorii
427 1558 643 1596 videratis?
676 1549 764 1596 ‘Sic
794 1563 913 1596 notus
942 1558 1130 1595 Vlixes?’
1162 1556 1259 1603 quid
1289 1569 1385 1603 ergo

180 1626 270 1663 est?
293 1626 467 1672 Oportet
482 1628 604 1662 etiam
619 1628 726 1662 inter
741 1625 967 1662 cenandum
983 1624 1240 1670 philologiam
1254 1636 1381 1661 nosse.

181 1691 353 1729 Patrono
383 1705 474 1729 meo
501 1705 588 1729 ossa
614 1692 718 1729 bene
746 1694 966 1737 quiescant,
994 1693 1061 1737 qui
1087 1703 1153 1727 me
1179 1690 1382 1727 hominem

178 1757 285 1791 inter
297 1754 479 1792 homines
495 1754 622 1792 voluit
637 1767 734 1791 esse.
795 1755 899 1791 Nam
913 1753 1012 1790 mihi
1027 1753 1127 1790 nihil
1142 1755 1234 1789 novi
1249 1757 1384 1798 potest

177 1817 320 1863 afferri,
337 1821 440 1854 sicut
460 1817 528 1855 ille
543 1816 734 1855 fericulus
753 1809 854 1854 iam1
873 1816 1014 1854 habuit
1033 1819 1196 1862 praxim.
1240 1815 1381 1852 Caelus

178 1880 258 1926 hic,
270 1883 312 1917 in
325 1893 403 1926 quo
415 1880 629 1917 duodecim
645 1880 699 1917 dii
715 1880 912 1926 habitant,
928 1882 971 1917 in
986 1879 1158 1916 totidem
1178 1891 1220 1915 se
1239 1877 1383 1923 figuras

178 1947 390 1990 convertit,
412 1948 455 1981 et
473 1944 592 1981 modo
612 1944 657 1981 fit
675 1946 787 1981 aries.
848 1943 991 1989 Itaque
1011 1945 1188 1988 quisquis
1207 1944 1382 1978 nascitur

178 2007 248 2044 illo
274 2010 400 2053 signo,
425 2007 552 2044 multa
578 2019 721 2053 pecora
747 2006 885 2052 habet,
909 2006 1082 2043 multum
1107 2005 1235 2050 lanae,
1263 2007 1382 2050 caput

360 2088 373 2108 ¹
385 2088 550 2119 fericulus
566 2087 636 2119 iam
653 2087 868 2119 Buecheler:
892 2086 1098 2118 fericulusta
1114 2086 1191 2118 mel.

290 2145 342 2184 60
