1534 2470
146 1929 218 1966 127

469 181 631 221 TITUS
661 181 973 221 PETRONIUS
1002 181 1242 220 ARBITEh

249 272 291 307 in
311 282 404 307 eum
423 269 651 317 daphnona,
664 273 732 317 qui
751 271 1011 309 ambulationi
1030 270 1232 309 haerebat.
1277 271 1364 309 Nec
1383 270 1452 309 diu

249 355 402 388 morata
434 349 639 388 dominam
669 350 855 397 producit
887 364 910 389 e
943 351 1107 389 latebris
1139 351 1335 398 laterique
1362 364 1455 389 meo

249 430 437 477 applicat,
456 430 667 468 mulierem
686 432 869 469 omnibus
889 431 1106 469 simulacris
1125 431 1447 469 emendatiorem

254 510 373 548 Nulla
387 524 462 548 vox
479 515 542 549 est
555 523 657 557 quae
673 510 841 548 formam
856 514 940 549 eius
960 514 1084 558 possit
1099 510 1455 558 comprehendere,

250 603 343 628 nam
362 590 552 636 quicquid
572 590 723 638 dixero,
742 594 873 628 minus
894 594 980 628 erit.
1031 591 1169 629 Crines
1197 593 1360 637 ingenio
1382 602 1454 628 suo

250 669 341 708 flexi
360 683 432 717 per
451 675 558 709 totos
584 683 627 708 se
649 684 807 708 umeros
832 670 1069 718 effuderant,
1088 670 1197 708 frons
1222 673 1385 708 minima
1410 674 1454 708 et

251 762 352 797 quae
372 750 525 788 radices
541 750 773 797 capillorum
788 756 896 788 retro
910 750 1088 797 flexerat,
1103 750 1313 797 supercilia
1327 762 1453 796 usque

250 830 301 867 ad
334 830 526 868 malarum
560 833 795 877 scripturam
824 834 1023 868 currentia
1054 835 1097 869 et
1123 843 1256 869 rursus
1284 829 1454 867 confinio

250 912 448 948 luminum
472 924 600 957 paene
624 914 835 957 permixta,
856 911 959 948 oculi
985 911 1168 948 clariores
1194 909 1320 948 stellis
1339 914 1453 947 extra

250 990 387 1028 lunam
406 990 668 1037 fulgentibus,
684 1004 799 1028 nares
813 991 1020 1037 paululum
1038 990 1205 1028 inflexae
1221 994 1265 1028 et
1275 989 1450 1027 osculum

249 1070 366 1117 quale
388 1070 607 1108 Praxiteles
627 1070 775 1108 habere
803 1071 974 1108 Dianam
994 1070 1174 1108 credidit.
1235 1069 1320 1106 Iam
1338 1082 1451 1107 men·

249 1155 350 1196 tum,
370 1153 449 1187 iam
469 1153 614 1197 cervix,
635 1153 714 1187 iam
733 1164 886 1196 manus,
906 1153 984 1187 iam
1004 1150 1154 1200 pedum
1177 1149 1324 1187 candor
1346 1151 1452 1186 intra

249 1233 333 1268 auri
352 1229 500 1277 gracile
520 1230 723 1267 vinculum
741 1233 912 1276 positus:
938 1229 1095 1267 Parium
1113 1242 1284 1266 marmor
1303 1231 1452 1266 exstin-

250 1315 372 1348 xerat.
426 1310 568 1357 Itaque
588 1315 685 1348 tunc
701 1313 872 1357 primum
894 1309 1045 1347 Dorida
1058 1314 1174 1347 vetus
1188 1313 1340 1346 amator
1359 1321 1452 1346 con-

250 1392 396 1436 tempsi
417 1418 425 1427 .
449 1418 458 1428 .
480 1418 488 1427 .

308 1468 418 1515 Quid
437 1468 589 1506 factum
611 1473 685 1515 est,
706 1468 813 1515 quod
833 1473 878 1506 tu
899 1469 1098 1514 proiectis,
1121 1466 1314 1514 Iuppiter,
1334 1468 1453 1504 armis

359 1551 465 1586 inter
484 1548 689 1586 caelicolas
708 1548 842 1585 fabula
860 1553 971 1585 muta
990 1547 1123 1585 taces?

304 1623 422 1661 Nunc
442 1628 529 1661 erat
547 1637 571 1660 a
589 1628 701 1660 torva
720 1624 957 1660 submittere
977 1635 1123 1659 cornua
1141 1621 1287 1667 fronte,

359 1712 466 1736 nunc
485 1699 621 1745 pluma
640 1711 758 1736 canos
777 1697 1023 1736 dissimulare
1043 1702 1144 1735 tuos.

306 1774 421 1812 Haec
436 1787 529 1812 vera
544 1779 606 1811 est
621 1774 771 1811 Danae.
803 1773 974 1820 Tempta
986 1772 1105 1810 modo
1120 1777 1286 1818 tangere
1298 1783 1451 1818 corpus,

359 1852 439 1886 iam
457 1855 527 1887 tua
546 1849 779 1887 flammifero
798 1849 977 1886 membra
997 1848 1126 1885 calore
1145 1847 1271 1884 fluent
1290 1875 1298 1884 .
1322 1875 1330 1883 .
1353 1874 1362 1884 .

306 1925 520 1962 Delectata
539 1925 607 1962 illa
629 1927 716 1962 risit
738 1929 823 1962 tam
842 1923 1046 1969 blandum,
1067 1928 1114 1960 ut
1133 1922 1335 1959 videretur
1353 1920 1451 1958 mihi

249 2001 414 2048 plenum
440 2013 483 2038 os
510 2006 623 2038 extra
645 2000 795 2037 nubem
820 1999 915 2036 luna
943 1998 1131 2045 proferre.
1191 1997 1287 2034 Mox
1315 1996 1451 2042 digitis

249 2077 565 2123 gubernantibus
584 2088 724 2113 vocem
744 2065 768 2082 “
777 2074 819 2113 Si
837 2086 920 2111 non
946 2072 1130 2110 fastidis”
1153 2074 1284 2118 inquit
1303 2061 1449 2108 “femi-

361 2145 440 2180 280
