1500 2470
419 209 581 249 TITUS
613 211 925 250 PETRONIUS
955 212 1194 251 ARBITER

198 288 273 327 hac
299 294 538 336 pannuciam
561 304 614 329 ne
634 292 871 330 centonibus
897 293 1062 339 quidem
1087 294 1201 332 bonis
1226 293 1399 340 dignam.

122 356 167 390 15
200 353 310 391 Hinc
330 353 516 401 Ascyltos
545 355 650 393 bene
670 358 792 393 risum
812 355 1010 404 discussit,
1030 359 1098 403 qui
1118 357 1278 395 silentio
1297 356 1404 395 facto

202 406 227 424 “
236 415 427 455 Videmus
437 409 477 435 ”¹
493 420 625 464 inquit
638 409 776 456 “suam
789 422 931 466 cuique
946 433 1032 458 rem
1045 433 1131 458 esse
1144 423 1404 465 carissimam;

198 479 371 518 reddant
389 480 504 519 nobis
522 484 701 519 tunicam
720 487 895 520 nostram
917 488 960 521 et
986 483 1151 530 pallium
1169 496 1285 521 suum
1303 486 1402 521 reci-

199 543 350 590 piant.''
383 543 470 582 Etsi
497 548 645 583 rustico
664 545 902 592 mulierique
931 546 1117 593 placebat
1145 549 1402 594 permutatim

197 606 378 644 advocati
412 612 550 646 tamen
583 611 661 645 iam
694 621 848 655 poenae
882 612 1081 656 nocturni,
1112 612 1181 656 qui
1214 610 1403 648 volebant

198 669 363 716 pallium
391 670 491 708 lucri
521 670 666 718 facere,
686 671 921 718 flagitabant
946 675 1006 710 uti
1034 673 1142 720 apud
1170 686 1213 711 se
1232 677 1401 719 utraque

198 733 498 780 deponerentur
504 747 550 771 ac
563 739 722 782 postero
731 735 930 773 diesiudex
943 735 1161 781 querellam
1173 738 1399 783 inspiceret.

199 797 342 843 Neque
359 800 466 834 enim
485 810 548 835 res
567 802 739 844 tantum,
755 811 857 844 quae
873 798 1104 836 viderentur
1118 802 1160 836 in
1176 803 1401 837 controver-

197 863 295 898 siam
326 873 426 907 esse,
456 861 527 898 sed
558 861 678 907 longe
709 861 818 899 aliud
848 865 997 908 quaeri,
1024 862 1131 908 quod
1161 865 1203 899 in
1232 867 1402 909 utraque

198 928 312 970 parte
345 923 499 962 scilicet
529 924 726 962 latrocinii
757 927 928 971 suspicio
953 925 1180 963 haberetur.
1225 925 1311 963 Iam
1339 938 1401 964 se-

198 990 349 1034 questri
369 987 595 1034 placebant,
612 993 654 1025 et
674 991 808 1026 nescio
828 991 915 1035 quis
931 1001 981 1026 ex
1000 990 1239 1035 cocionibus,
1255 989 1400 1035 calvus,

198 1051 519 1088 tuberosissimae
554 1051 708 1098 frontis,
741 1054 809 1098 qui
842 1052 997 1089 solebat
1033 1052 1246 1099 aliquando
1279 1055 1400 1090 etiam

199 1128 334 1152 causas
359 1127 494 1161 agere,
514 1117 714 1152 invaserat
742 1115 907 1161 pallium
936 1115 1288 1162 exhibiturumque
1317 1129 1400 1153 cra-

197 1181 304 1216 stino
334 1178 400 1216 die
429 1179 658 1216 affirmabat.
697 1179 885 1216 Ceterum
917 1180 1136 1225 apparebat
1163 1179 1264 1216 nihil
1292 1179 1400 1217 aliud

196 1244 333 1288 quaeri
363 1244 439 1279 nisi
470 1246 517 1279 ut
545 1241 669 1279 semel
699 1241 880 1288 deposita
899 1244 1020 1279 vestis
1048 1244 1155 1279 inter
1179 1242 1400 1289 praedones

196 1305 513 1351 strangularetur
529 1309 572 1342 et
591 1317 662 1342 nos
682 1309 793 1342 metu
815 1308 988 1342 criminis
1008 1318 1090 1342 non
1104 1307 1330 1343 veniremus
1348 1305 1400 1344 ad

196 1371 471 1406 constitutum.

253 1431 367 1469 Idem
380 1431 498 1477 plane
508 1436 551 1469 et
565 1444 636 1469 nos
649 1431 887 1469 volebamus.
906 1430 1047 1477 Itaque
1059 1433 1265 1478 utriusque
1277 1434 1400 1477 partis

196 1500 333 1533 votum
353 1508 465 1533 casus
484 1495 647 1533 adiuvit.
699 1495 936 1540 Indignatus
963 1497 1071 1532 enim
1091 1497 1274 1541 rusticus,
1292 1495 1399 1540 quod

196 1572 268 1597 nos
307 1564 522 1596 centonem
560 1557 833 1596 exhibendum
871 1557 1173 1604 postularemus,
1211 1560 1320 1594 misit
1357 1560 1399 1594 in

195 1622 338 1659 faciem
370 1622 526 1668 Ascylti
556 1624 734 1659 tunicam
766 1626 809 1658 et
845 1621 1033 1658 liberatos
1071 1620 1248 1666 querella
1284 1622 1399 1658 iussit

195 1685 360 1733 pallium
379 1685 595 1731 deponere,
615 1684 722 1731 quod
742 1684 869 1721 solum
888 1684 1003 1722 litem
1022 1683 1193 1721 faciebat
1212 1712 1221 1720 .
1244 1711 1253 1720 .
1276 1711 1285 1720 .
1308 1712 1317 1720 .

251 1749 305 1785 Et
317 1753 563 1794 recuperato,
572 1752 618 1785 ut
630 1748 878 1794 putabamus,
887 1747 1073 1784 thesauro
1081 1749 1122 1783 in
1130 1746 1398 1783 deversorium

197 1809 434 1854 praecipites
446 1807 599 1843 abimus
615 1805 907 1852 praeclusisque
924 1804 1072 1842 foribus
1084 1804 1214 1841 ridere
1229 1817 1397 1841 acumen

196 1878 274 1902 non
302 1868 432 1902 minus
462 1867 668 1901 cocionum
692 1876 810 1910 quam
836 1863 1163 1900 calumniantium
1183 1874 1396 1908 coeplmus,

195 1924 301 1970 quod
323 1924 436 1960 nobis
457 1925 614 1967 ingenti
634 1921 852 1959 calliditate
872 1924 1081 1968 pecuniam
1096 1920 1375 1958 reddidissent.

444 1981 548 2018 Nolo
567 1980 675 2026 quod
695 1983 822 2026 cupio,
843 1982 978 2017 statim
998 1985 1151 2025 tenere,

443 2052 519 2077 nec
538 2041 702 2076 victoria
720 2041 775 2074 mi
795 2038 927 2084 placet
947 2043 1082 2084 parata
1102 2066 1109 2074 .
1133 2065 1142 2075 .
1164 2065 1174 2076 .

457 2102 923 2142 ¹videmusJmtgernmnn:
946 2101 1138 2133 videamus.

308 2166 359 2200 20
