1500 2470
395 208 557 246 TITUS
589 208 901 248 PETRONIUS
930 208 1170 246 ARBITER

174 293 351 326 stantem
390 293 433 326 et
470 291 513 326 in
551 288 727 326 eundem
763 289 896 327 locum
933 302 999 327 me
1037 292 1189 327 conieci
1191 318 1359 328 ......

176 352 275 389 Cum
304 365 539 399 quaererem
568 352 764 398 numquid
796 353 910 390 nobis
942 355 986 390 in
1016 353 1227 400 prandium
1258 352 1382 391 frater

175 420 365 462 parasset,
379 415 563 454 consedit
578 429 678 463 puer
690 429 810 463 super
823 416 976 454 lectum
989 421 1032 454 et
1043 421 1253 454 manantes
1270 415 1381 454 lacri-

175 492 259 516 mas
279 479 424 526 pollice
445 472 642 517 extersit.1
701 479 961 518 Perturbatus
982 493 1058 526 ego
1076 479 1217 517 habitu
1237 480 1382 526 fratris,

175 542 272 589 quid
291 542 514 589 accidisset,
535 545 722 589 quaesivi.
780 543 834 580 Et
853 543 922 581 ille
941 543 1056 581 tarde
1076 543 1240 590 quidem
1260 548 1304 581 et
1321 546 1382 580 in-

176 609 293 652 vitus,
314 606 386 644 sed
406 611 617 653 postquam
632 607 817 653 precibus
833 609 955 644 etiam
970 607 1214 645 iracundiam
1229 609 1381 652 miscui,

178 659 350 707 “Tuus”
373 672 506 716 inquit
526 660 636 706 “iste
666 668 791 707 frater
819 682 890 707 seu
916 682 1049 707 comes
1075 669 1193 716 paulo
1218 674 1314 707 ante
1338 672 1382 706 in

176 733 420 770 conductum
446 735 669 770 accucurrit
695 736 907 780 coepitque
934 732 1033 770 mihi
1058 732 1162 771 velle
1188 733 1382 779 pudorem

89 796 158 834 LO
180 802 429 842 extorquere.
452 787 457 842 Ι
490 796 590 834 Cum
611 809 687 842 ego
706 796 1004 843 proclamarem,
1025 796 1203 843 gladium
1222 799 1383 834 strinxit

240 851 251 868 ί
292 863 299 870 .
476 862 483 870 ·
582 860 591 873 ,
616 862 624 870 ι
715 862 722 870 ι
766 851 777 867 ί
923 863 930 870 .
966 863 973 870 ι
1069 863 1076 870 ι
1191 863 1198 870 .
1244 863 1252 870 ι
1270 861 1313 874 ‚n

177 864 219 898 et
260 859 302 898 S1
323 859 510 897 Lucretia
530 872 573 897 es
613 864 746 906 inquit
786 859 1046 906 Tarquinium
1065 865 1264 898 mvemstl.

122 922 156 960 L
224 915 230 970 1
249 922 404 970 Quibus
418 936 494 969 ego
506 922 652 960 auditis
664 926 862 960 intentavi
874 926 917 960 in
929 923 1062 961 oculos
1075 923 1230 969 Ascylti
1242 937 1382 962 manus

98 1459 145 1492 10

177 987 221 1020 et
240 973 384 1028 “Quid
403 982 534 1020 dicis”
567 984 730 1028 inquam
762 973 1000 1020 “muliebris
1029 985 1248 1029 patientiae
1277 995 1381 1020 scor-

176 1046 277 1087 tum,
298 1043 409 1079 cuius
433 1054 485 1079 ne
513 1043 674 1088 spiritus
698 1041 861 1088 quidem
884 1054 1006 1088 purus
1029 1041 1149 1079 est?’'
1195 1041 1379 1079 Inhorre-

176 1113 287 1138 scere
307 1113 350 1138 se
374 1099 489 1138 finxit
508 1099 707 1146 Ascyltos,
734 1113 826 1137 mox
846 1100 1011 1138 sublatis
1036 1099 1178 1138 fortius
1197 1101 1379 1138 manibus

177 1159 298 1205 longe
318 1161 466 1196 maiore
486 1162 575 1196 nisu
596 1158 801 1196 clamavit:
823 1149 949 1196 “Non
963 1159 1103 1196 taces'’
1117 1150 1377 1206 inquit“gla-

176 1218 306 1256 diator
334 1218 519 1263 obscene,
540 1230 660 1263 quem
689 1217 741 1255 de
770 1246 778 1255 .
812 1246 820 1255 .
853 1246 860 1254 .
893 1220 1007 1255 ruina
1026 1217 1175 1255 harena
1203 1218 1377 1256 dimisit?

178 1277 269 1315 Non
284 1281 406 1322 taces,
419 1281 615 1314 nocturne
628 1289 846 1323 percussor,
855 1279 922 1323 qui
934 1289 987 1314 ne
999 1281 1086 1314 tum
1098 1276 1274 1323 quidem,
1286 1290 1378 1314 cum

176 1336 335 1374 fortiter
368 1335 533 1382 faceres,
568 1349 659 1373 cum
692 1349 791 1382 pura
826 1335 993 1373 muliere
1033 1338 1233 1382 pugnasti,
1268 1338 1378 1373 cuius

176 1395 318 1433 eadem
351 1397 506 1432 ratione
540 1397 582 1431 in
619 1394 804 1432 viridario
841 1394 964 1432 frater
992 1394 1062 1440 fui,
1092 1407 1170 1440 qua
1199 1407 1306 1431 nunc
1336 1397 1378 1431 in

175 1454 401 1492 deversorio
430 1466 529 1500 puer
558 1453 677 1491 est?”
725 1444 991 1520 “‘Subduxisti
1010 1453 1085 1491 te'’
1117 1446 1297 1499 inquam²
1323 1444 1378 1490 “a

175 1515 444 1560 praeceptoris
464 1512 700 1558 colloquio.’'
732 1503 875 1559 “Quid
891 1525 980 1558 ego,
996 1512 1115 1549 homo
1131 1512 1377 1559 stultissime,

175 1573 307 1610 facere
320 1572 454 1618 debui,
471 1585 562 1609 cum
574 1571 679 1609 fame
694 1572 894 1609 morerer?
915 1571 980 1608 An
995 1571 1184 1608 videlicet
1197 1570 1375 1608 audirem

174 1634 408 1677 sententias,
427 1631 469 1668 id
489 1635 551 1668 est
570 1633 695 1668 vitrea
715 1630 840 1667 fracta
859 1635 902 1668 et
920 1633 1161 1668 somniorum
1180 1632 1375 1675 interpre-

173 1690 379 1728 tamenta?
415 1689 548 1727 Multo
567 1702 632 1727 me
652 1692 806 1736 turpior
820 1702 862 1727 es
878 1694 923 1726 tu
938 1688 1114 1734 hercule,
1130 1691 1197 1734 qui
1216 1692 1263 1725 ut
1281 1687 1374 1726 foris

173 1761 349 1795 cenares,
369 1753 530 1795 poetam
549 1747 758 1786 laudasti.'’

229 1808 371 1854 Itaque
392 1820 441 1845 ex
461 1809 688 1853 turpissima
706 1806 779 1844 lite
794 1810 836 1844 in
851 1809 972 1844 risum
987 1805 1116 1843 diffusi
1133 1807 1310 1852 pacatius
1324 1805 1373 1842 ad

172 1867 324 1913 reliqua
343 1868 587 1904 secessimus.
607 1895 614 1902 .
634 1894 642 1902 .
662 1894 669 1902 .

230 1926 375 1963 Rursus
398 1928 440 1962 in
463 1926 695 1962 memoriam
722 1929 927 1962 revocatus
954 1926 1119 1961 iniuriae
1140 1913 1371 1969 “Ascylte'’

171 1987 333 2030 inquam
353 1975 580 2029 “intellego
599 1983 712 2020 nobis
733 1986 945 2020 convenire
964 1996 1045 2019 non
1061 1994 1185 2028 posse.
1232 1981 1372 2027 Itaque

474 2057 484 2077 ¹
496 2059 645 2090 extersit
661 2058 829 2090 Pithoeus
839 2069 852 2090 .·
875 2057 1063 2100 expressit.

476 2108 643 2152 ¹inquam
661 2109 845 2141 Pithoeus.-
861 2109 982 2151 inquit.

284 2166 331 2199 12
