1534 2470
432 199 594 238 TITUS
626 200 938 240 PETRONIUS
966 201 1206 239 ARBITER

211 280 389 325 iramque
409 292 540 316 meam
559 279 749 326 prudenti
763 281 944 318 absentia
963 284 1146 320 extinxit.
1206 280 1415 319 Paululum

212 354 308 387 ergo
333 344 612 389 intepescente
638 346 802 381 saevitia
825 334 1060 391 “Eumolpe
1073 345 1095 358 ”
1117 348 1281 391 inquam
1299 335 1415 382 “iam

210 405 314 442 malo
333 405 397 443 vel
417 407 656 444 carminibus
674 406 858 453 loquaris,
879 420 999 454 quam
1018 408 1211 446 eiusmodi
1230 408 1305 446 tibi
1323 411 1416 445 vota

211 481 416 515 proponas.
476 470 531 507 Et
558 483 633 516 ego
656 470 868 508 iracundus
893 484 993 517 sum,
1021 476 1064 510 et
1086 475 1132 509 tu
1158 471 1416 509 libidinosus:

211 532 315 578 vide,
336 545 455 578 quam
484 546 567 570 non
591 536 804 571 conveniat
829 533 891 572 his
921 535 1105 573 moribus.
1168 534 1270 572 Puta
1293 536 1415 581 igitur

210 608 275 632 me
295 595 486 633 furiosum
507 609 608 642 esse,
623 596 722 634 cede
738 599 928 642 insaniae,
940 597 982 634 id
996 602 1058 634 est
1070 600 1177 635 ocius
1192 597 1295 635 foras
1310 596 1413 634 exi.”

137 657 197 695 LI
212 658 407 696 Confusus
440 659 515 696 hac
548 658 854 697 denuntiatione
889 659 1107 706 Eumolpus
1138 673 1220 697 non
1246 662 1416 707 quaesiit

210 722 437 759 iracundiae
465 735 636 769 causam,
663 722 735 760 sed
761 725 952 760 continuo
981 723 1106 760 limen
1136 736 1316 769 egressus
1345 722 1415 760 ad-

209 785 326 823 duxit
348 791 518 832 repente
542 788 689 823 ostium
716 786 841 823 cellae
867 799 1014 833 meque
1044 786 1145 824 nihil
1179 786 1260 824 tale
1294 799 1414 833 expe-

209 854 389 886 ctantem
398 849 572 895 inclusit,
583 852 812 896 exemitque
822 851 968 896 raptim
981 849 1132 886 clavem
1145 854 1188 887 et
1199 849 1251 887 ad
1266 849 1415 887 Gitona

209 912 533 958 investigandum
553 915 736 950 cucurrit.

266 975 446 1013 Inclusus
474 988 551 1021 ego
577 975 791 1022 suspendio
814 978 937 1012 vitam
962 975 1075 1012 finire
1102 976 1301 1013 constitui.
1360 974 1414 1014 Et

209 1041 288 1076 iam
326 1041 572 1076 semicinctio
608 1031 704 1076 lectil
738 1041 881 1076 stantis
918 1038 970 1076 ad
997 1041 1192 1085 parietem
1220 1038 1412 1085 spondam

210 1105 413 1139 vinxeram
439 1105 693 1148 cervicesque
720 1102 826 1139 nodo
852 1101 1086 1148 condebam,
1114 1115 1204 1139 cum
1229 1104 1412 1140 reseratis

210 1165 358 1203 foribus
384 1168 510 1203 intrat
536 1165 755 1212 Eumolpus
782 1178 873 1202 cum
901 1165 1050 1202 Gitone
1079 1178 1225 1211 meque
1250 1178 1275 1202 a
1300 1164 1411 1202 fatali

209 1232 287 1266 iam
306 1234 415 1266 meta
434 1234 594 1266 revocat
612 1228 664 1266 ad
683 1228 824 1266 lucem.
885 1228 1010 1266 Giton
1033 1231 1245 1275 praecipue
1268 1241 1318 1266 ex
1341 1227 1409 1265 do-

209 1292 292 1330 lore
317 1294 359 1328 in
378 1292 529 1329 rabiem
556 1291 741 1329 efferatus
766 1291 874 1329 tollit
901 1291 1126 1337 clamorem,
1152 1304 1217 1329 me
1243 1295 1409 1337 utraque

209 1369 328 1392 manu
360 1355 574 1401 impulsum
609 1357 846 1401 praecipitat
879 1367 998 1401 super
1030 1354 1193 1400 lectum,
1229 1344 1373 1391 “erras
1386 1353 1409 1366 ''

209 1421 340 1465 inquit
364 1409 583 1464 “Encolpi‚
608 1421 639 1455 si
670 1423 787 1464 putas
819 1420 1053 1463 contingere
1083 1429 1211 1464 posse,
1241 1421 1288 1454 ut
1316 1422 1411 1454 ante

208 1484 395 1519 moriaris.
456 1481 566 1518 Prior
600 1484 738 1528 coepi3
768 1484 811 1518 in
845 1481 1001 1527 Ascylti
1031 1480 1204 1526 hospitio
1233 1479 1410 1526 gladium

209 1547 394 1592 quaesivi.
454 1544 541 1590 Ego
572 1547 605 1582 si
635 1550 677 1582 te
708 1557 790 1582 non
820 1547 1074 1590 invenissem,
1107 1546 1307 1590 periturus
1339 1556 1412 1590 per

209 1610 441 1655 praecipitia
459 1608 527 1645 fui.
588 1608 641 1645 Et
660 1613 707 1645 ut
726 1610 824 1645 scias
848 1620 930 1644 non
955 1607 1076 1652 longe
1103 1619 1189 1644 esse
1216 1619 1410 1653 quaeren-

208 1672 314 1709 tibus
340 1676 524 1716 mortem,
551 1675 688 1717 specta
714 1672 898 1716 invicem,
925 1669 1032 1715 quod
1057 1681 1123 1706 me
1142 1673 1322 1715 spectare
1341 1682 1409 1706 vo-

207 1734 354 1771 luisti.'’
405 1733 683 1771 Haeclocutus
695 1735 968 1770 mercennario
981 1731 1166 1778 Eumolpi
1177 1731 1407 1769 novaculam

207 1799 310 1843 rapit
330 1802 373 1834 et
391 1796 515 1834 semel
535 1799 762 1842 iterumque
782 1798 935 1832 cervice
955 1807 1140 1841 percussa
1163 1799 1259 1832 ante
1284 1794 1408 1841 pedes

206 1860 415 1898 collabitur
427 1865 593 1897 nostros.
655 1859 843 1895 Exclamo
859 1871 934 1904 ego
947 1861 1154 1904 attonitus,
1169 1862 1407 1904 secutusque

157 1941 164 1947 ·
206 1919 410 1956 labentem
430 1917 573 1955 eodem
592 1917 834 1954 ferramento
857 1917 908 1954 ad
931 1921 1102 1954 mortem
1121 1918 1224 1953 viam
1247 1928 1400 1962 quaero.

205 1977 286 2016 Sed
309 1990 441 2023 neque
470 1977 594 2014 Giton
621 1975 702 2013 ulla
725 1980 812 2013 erat
830 1978 1052 2021 suspicione
1071 1974 1245 2012 vuhieris
1263 1974 1406 2020 laesus,

204 2049 336 2083 neque
370 2048 446 2081 ego
478 2035 604 2072 ullum
638 2034 861 2071 sentiebam
893 2033 1082 2071 dolorem.
1143 2032 1266 2069 Rudis
1297 2033 1403 2069 enim

592 2098 690 2129 ¹leeti
707 2098 825 2128 added
839 2098 882 2138 by
895 2096 1098 2129 Buecheler.

317 2155 392 2189 188
