1500 2470
117 305 206 342 42,

123 1781 170 1814 43

418 219 580 259 TITUS
613 218 925 259 PETRONIUS
954 219 1194 258 ARBITER

253 300 424 347 Excepit
444 301 636 339 Seleucus
660 299 818 338 fabulae
845 306 1001 347 partem
1028 306 1071 340 et
1090 292 1115 310 “
1129 301 1250 348 Ego”
1273 302 1404 347 inquit

199 363 224 381 “
236 386 317 410 non
330 373 476 411 cotidie
493 373 621 420 lavor3
638 376 807 414 baliscus
821 377 929 413 enim
944 373 1042 411 fullo
1058 377 1133 420 est,
1146 386 1248 419 aqua
1259 373 1404 411 dentes

198 445 334 491 habet,
369 450 412 483 et
443 458 510 482 cor
540 452 721 485 nostrum
753 446 900 485 cotidie
931 446 1127 492 liquescit.
1200 444 1282 483 Sed
1311 457 1403 482 cum

198 516 314 554 mulsi
345 517 561 563 pultarium
593 519 754 565 obduxi,
788 518 925 564 frigori
957 517 1129 554 laecasin
1159 516 1258 554 dico.
1317 515 1405 554 Nec

198 601 292 626 sane
324 587 454 625 lavare
486 592 622 635 potui;
643 590 700 627 fui
727 593 835 627 enim
861 588 981 626 hodie
1008 591 1050 625 in
1080 587 1209 625 funus.
1269 587 1404 624 Homo

198 659 340 705 bellus,
386 664 469 697 tam
515 661 641 698 bonus
687 660 960 707 Chrysanthus
1009 661 1182 696 animam
1235 655 1401 696 ebulliit.

200 731 336 777 Modo,
375 731 494 768 modo
528 745 593 769 me
627 732 854 779 appellavit.
914 731 1062 769 Videor
1089 730 1189 768 mihi
1217 743 1308 768 cum
1335 729 1405 767 illo

198 802 317 848 loqui.
380 802 489 848 Heu,
507 803 622 841 eheu.
685 804 806 842 Utres
821 802 946 840 inflati
961 802 1218 839 ambulamus.
1274 801 1404 839 Mino·

199 876 252 911 ris
277 887 397 920 quarn
424 887 583 912 muscae
608 888 755 921 sumus,
782 887 941 912 muscae
968 879 1105 911 tamen
1131 873 1303 920 aliquam
1328 875 1405 910 vir-

199 950 331 984 tutem
350 945 515 991 habent,
536 959 608 984 nos
627 960 709 984 non
729 946 851 993 pluris
867 958 1000 983 sumus
1017 958 1135 991 quam
1149 944 1293 983 bullae.
1352 943 1406 981 Et

200 1018 297 1064 quid
316 1020 348 1055 si
367 1031 448 1055 non
468 1019 650 1056 abstinax
670 1018 821 1056 fuisset.
881 1017 1070 1064 Quinque
1094 1016 1179 1054 dies
1202 1029 1345 1062 aquam
1363 1018 1406 1052 in

201 1103 243 1127 os
266 1103 381 1127 suum
407 1103 488 1127 non
516 1092 699 1135 coniecit,
724 1103 805 1127 non
828 1091 971 1126 micam
990 1090 1114 1134 panis.
1136 1087 1289 1124 Tamen
1308 1087 1407 1124 abiit

201 1161 252 1199 ad
282 1161 426 1207 plures.
497 1161 647 1198 Medici
678 1160 790 1198 illum
821 1159 1096 1207 perdiderunt,
1126 1161 1248 1196 immo
1280 1160 1406 1204 magis

201 1232 328 1270 malus
348 1232 453 1270 fatus
468 1245 478 1277 ;
496 1232 675 1270 medicus
695 1234 802 1269 enim
822 1230 922 1268 nihil
941 1230 1050 1268 aliud
1070 1234 1132 1268 est
1151 1243 1270 1276 quam
1284 1231 1403 1266 animi

203 1299 430 1336 consolatio.
507 1298 659 1336 Tamen
704 1299 809 1336 bene
853 1297 982 1335 elatus
1027 1301 1101 1342 est,
1139 1295 1249 1333 vitali
1286 1295 1405 1340 lecto,

203 1365 388 1412 stragulis
421 1366 545 1402 bonis.
623 1364 811 1402 Planctus
844 1368 907 1402 est
939 1365 1266 1409 optime—manu
1298 1364 1407 1399 misit

203 1433 533 1479 aliquot—etiam
556 1434 588 1469 si
611 1431 785 1477 maligne
809 1430 922 1468 illum
945 1429 1114 1476 ploravit
1131 1441 1240 1466 uxor.
1299 1427 1406 1474 Quid

203 1503 235 1538 si
247 1512 328 1537 non
341 1499 450 1536 illam
462 1501 612 1544 optime
625 1500 854 1544 accepisset.
905 1496 985 1534 Sed
997 1495 1141 1533 mulier
1152 1508 1253 1542 quae
1265 1494 1408 1532 mulier

203 1567 411 1604 milvinum
430 1578 568 1612 genus.
628 1565 842 1602 Neminem
857 1563 957 1601 nihil
973 1564 1066 1601 boni
1081 1562 1212 1600 facere
1225 1566 1383 1609 oportet
1397 1573 1407 1606 ς

202 1647 328 1680 aeque
342 1638 404 1671 est
419 1635 526 1670 enim
539 1645 584 1669 ac
597 1634 628 1669 si
648 1634 689 1668 in
705 1636 872 1678 puteum
888 1632 1066 1667 conicias.
1125 1629 1206 1667 Sed
1220 1631 1406 1675 antiquus

201 1713 310 1738 amor
330 1712 472 1736 cancer
491 1698 590 1736 est.''

257 1775 453 1812 Molestus
473 1773 563 1819 fuit,
586 1772 843 1818 Philerosque
870 1771 1151 1818 proclamavit:
1179 1760 1402 1807 “Vivorum

201 1843 510 1879 meminerimus.
589 1839 663 1877 Ille
708 1838 843 1884 habet,
889 1838 996 1884 quod
1041 1838 1114 1875 sibi
1159 1837 1403 1875 debebatur:

201 1909 369 1947 honeste
396 1910 508 1953 vixit,
528 1906 698 1943 honeste
724 1906 832 1942 obiit.
894 1904 1002 1951 Quid
1027 1904 1151 1941 habet
1177 1903 1283 1950 quod
1309 1916 1404 1950 que-

200 1976 337 2014 ratur?
365 1975 430 2011 Ab
452 1987 537 2011 asse
564 1975 689 2010 crevit
716 1977 758 2009 et
784 1977 944 2018 paratus
963 1971 1040 2008 fuit
1060 1971 1322 2017 quadrantem
1352 1970 1403 2008 de

199 2049 373 2082 stercore
403 2040 601 2078 mordicus
635 2038 788 2076 tollere.
869 2038 1010 2084 Itaque
1044 2040 1180 2083 crevit,
1215 2035 1402 2083 quicquid

199 2112 335 2155 crevit,
343 2114 535 2159 tanquam
543 2106 664 2144 favus.
711 2105 813 2143 Puto
821 2103 1070 2143 mehercules
1078 2103 1189 2141 illum
1197 2102 1402 2149 reliquisse

309 2171 359 2211 68

1482 2200 1500 2470 mmmmm-L„
1483 2099 1500 2194 ,ς’-,ξ
1478 1824 1495 2090 mn&
