1534 2470
423 239 425 241 ,
496 200 697 239 LUCIUS
727 200 991 240 ANNAEUS
1021 201 1231 240 SENECA

320 281 403 328 ille,
423 281 522 318 mihi
542 281 679 319 similis
699 280 813 318 vultu
834 281 1054 328 similisque
1074 281 1220 321 decore

320 375 396 399 nec
416 366 537 399 cantu
557 374 634 399 nec
653 374 751 399 voce
770 364 910 398 minor.
971 361 1002 398 F
1004 362 1118 400 elicia
1136 362 1247 401 lassis

319 441 477 479 saecula
495 441 716 488 praestabit
735 440 952 488 legumque
973 441 1132 479 silentia
1149 446 1321 489 rumpet.

320 519 459 566 Qualis
479 519 698 557 discutiens
717 518 915 566 fugientia
935 519 1097 558 Lucifer
1115 525 1221 558 astra

318 604 390 637 aut
409 599 535 646 qualis
555 602 683 645 surgit
702 598 965 637 redeuntibus
986 599 1195 646 Hesperus
1213 602 1342 647 astris,

317 679 444 726 qualis
463 692 554 716 cum
573 681 745 725 primum
765 679 943 716 tenebris
965 679 1117 716 Aurora
1135 679 1274 717 solutis

317 758 478 796 induxit
496 757 718 796 rubicunda
736 757 857 804 diem,
879 757 946 796 Sol
965 761 1108 805 aspicit
1126 759 1263 796 orbem

319 837 487 884 lucidus,
507 842 551 875 et
570 839 719 883 primos
739 850 762 874 a
781 850 940 875 carcere
960 840 1136 875 concitat
1154 850 1268 876 axes:

316 917 407 955 talis
428 917 570 955 Caesar
589 916 716 962 adest,
737 916 861 954 talem
880 919 959 954 iam
981 916 1104 954 Roma
1124 918 1328 955 Neronem

315 999 493 1044 aspiciet.
528 996 690 1042 Flagrat
708 995 860 1033 nitidus
879 995 1035 1043 fulgore
1055 1000 1218 1034 remisso

316 1077 461 1123 vultus,
483 1081 526 1114 et
545 1076 685 1113 adfuso
705 1078 838 1113 cervix
857 1076 1027 1114 formosa
1046 1076 1227 1123 capillo.”

262 1187 360 1224 haec
380 1185 536 1232 Apollo.
589 1184 647 1222 At
679 1183 880 1230 Lachesis,
901 1197 1002 1231 quae
1023 1189 1066 1223 et
1093 1187 1178 1232 ipsa
1203 1185 1355 1224 homini
1380 1185 1457 1224 for-

258 1277 480 1313 mosissimo
500 1273 667 1318 faveret,
688 1271 787 1309 feeit
815 1272 915 1310 illud
944 1273 1065 1319 plena
1092 1286 1225 1320 manu,
1245 1279 1288 1311 et
1307 1274 1457 1312 Neroni

258 1363 406 1401 multos
434 1374 560 1399 annos
580 1360 631 1398 de
651 1372 722 1398 suo
743 1359 876 1398 donat.
936 1360 1144 1398 Claudium
1162 1366 1298 1399 autem
1316 1362 1458 1400 iubent

257 1463 395 1489 omnes

423 1558 638 1606 χαίροντας,
660 1557 918 1604 εὐφημοῦντας
939 1556 1138 1605 ἐκπέμπειν
1157 1551 1306 1606 δόμων.1

257 1665 311 1702 Et
330 1664 397 1702 ille
418 1663 582 1710 quidem
601 1665 775 1700 animam
796 1662 969 1709 ebulliit,
985 1668 1028 1701 et
1047 1676 1097 1700 ex
1116 1676 1164 1701 eo
1183 1664 1303 1702 desiit
1321 1667 1453 1702 vivere

259 1752 391 1790 videri.
433 1751 660 1798 Exspiravit
697 1754 834 1787 autem
871 1749 968 1787 dum
1002 1750 1213 1789 comoedos
1249 1751 1374 1798 audit,
1407 1756 1453 1790 ut

255 1843 352 1878 scias
371 1852 436 1876 me
455 1851 537 1875 non
558 1841 645 1875 sine
665 1850 781 1874 causa
800 1836 889 1874 illos
908 1839 1063 1875 timere.
1102 1838 1254 1876 Ultima
1273 1852 1347 1877 vox
1367 1844 1450 1879 eius

253 1930 353 1968 haec
373 1933 479 1967 inter
498 1929 680 1966 homines
699 1927 836 1965 audita
856 1932 930 1974 est,
951 1941 1042 1965 cum
1067 1931 1258 1967 maiorem
1276 1933 1448 1968 sonitum

293 2047 305 2068 ¹
319 2048 348 2079 A
364 2048 545 2089 fragment
567 2046 658 2077 from
674 2047 734 2077 the
750 2044 996 2087 Cresphontes
1019 2046 1060 2078 of
1080 2049 1268 2092 Euripides
1291 2049 1447 2091 (Nauck,

297 2102 314 2123 2
333 2116 340 2123 .

252 2101 294 2133 45
318 2094 330 2132 )
362 2145 439 2182 378
