1534 2470
697 200 1041 241 FRAGMENTA

782 330 951 375 XVIII*
1518 366 1520 370 ψ

321 398 499 436 Nicotaus
524 399 694 437 Perottus
725 400 846 438 Cornu
876 401 1003 448 copiae
1029 415 1067 449 p.
1099 403 1194 449 200,
1222 403 1277 440 26
1301 402 1467 441 editionis
1520 434 1522 438 .

267 463 426 500 Aldinae
444 463 532 500 anni
557 463 690 500 1513.-
721 464 884 502 Cosmus
908 468 1030 503 etiam
1056 466 1258 504 excellens
1283 480 1466 513 unguen-

266 529 387 564 tarius
407 526 497 573 fuit,
512 540 535 563 a
555 539 633 572 quo
652 532 861 573 unguenta
875 527 984 565 dieta
998 533 1092 566 sunt
1112 529 1327 567 Cosmiana.
1357 530 1465 567 idem

267 581 468 636 [Iuvenalis
499 590 538 636 8,
569 581 640 635 86]
683 580 707 597 “
717 595 759 627 et
790 590 920 628 Cosmi
949 596 1036 629 toto
1061 597 1266 638 mergatur
1295 592 1463 630 aheno.’'

269 654 479 691 Petronius
499 643 628 690 “affer
646 653 774 699 nobis,
794 656 939 700 inquit,
958 654 1199 692 alabastrum
1220 654 1449 693 Cosmiani”

817 822 917 860 XIX

329 885 568 923 Terentianus
587 884 748 922 Maurus
765 885 812 923 de
829 886 974 924 metris.-

596 949 811 986 Horatium
830 949 1010 987 videmus

594 1024 729 1049 versus
748 1015 897 1050 tenoris
916 1012 1032 1051 huius

594 1088 790 1121 nusquam
808 1075 957 1113 locasse
977 1079 1102 1123 iuges,

594 1143 636 1175 at
655 1138 819 1176 Arbiter
838 1139 1009 1177 disertus

593 1201 704 1238 libris
723 1204 802 1239 suis
820 1201 1061 1248 frequentat.

594 1265 824 1311 Agnoscere
843 1265 942 1302 haec
960 1268 1140 1312 potestis,

596 1333 756 1365 cantare
776 1341 878 1374 quae
897 1328 1088 1366 solemus:

597 1381 920 1438 “Memphitides
939 1391 1097 1438 pueHae
1526 1431 1534 1446 ὲ

596 1457 714 1492 sacris
734 1454 856 1492 deum
875 1460 1047 1501 paratae.
1526 1466 1534 1507 ξ

595 1517 761 1555 Tinctus
781 1517 912 1555 colore
931 1521 1059 1556 noctis
1524 1509 1534 1523 Γ.

594 1594 714 1618 manu
734 1593 833 1626 puer
851 1581 1037 1627 loquaci”
1528 1615 1534 1630 ,Ι

321 1646 472 1686 Marius
497 1644 703 1683 Victorinus
723 1643 794 1680 III
808 1645 862 1681 17
881 1639 906 1685 (
907 1643 944 1681 in
959 1644 1074 1682 Keilii
1090 1645 1338 1692 grammaticis
1358 1645 1392 1682 V
1394 1646 1417 1682 I
1421 1659 1462 1692 p.
1523 1666 1534 1689 ⁷.

266 1706 373 1753 138)
384 1725 396 1747 :
429 1710 562 1747 Huius
581 1710 730 1745 tenoris
750 1720 794 1744 ac
810 1707 959 1744 formae
975 1708 1166 1754 quosdam
1180 1721 1314 1746 versus
1328 1714 1465 1755 poetas

267 1775 408 1822 lyricos
423 1771 661 1810 carminibus
673 1773 752 1808 suis
763 1770 954 1808 indidisse
967 1773 1234 1817 cognovimus,
1246 1777 1293 1809 ut
1305 1776 1347 1809 et
1360 1771 1466 1818 apud

268 1838 476 1875 Arbitrum
495 1837 734 1879 invenimus,
755 1836 865 1870 cuius
886 1834 1114 1880 exemplum

595 1890 918 1945 “Memphitides
937 1899 1095 1946 puellae

593 1965 711 2000 sacris
731 1962 852 1999 deum
871 1961 1070 2008 paratae.’'

592 2020 791 2066 “Tinctus
807 2027 937 2065 colore
956 2031 1084 2065 noctis

591 2093 813 2138 Aegyptias
833 2091 995 2129 choreas
1004 2091 1026 2104 ''

373 2158 451 2192 332
