1534 2470
149 872 195 911 71

450 220 612 259 TITUS
644 219 956 260 PETRONIUS
984 221 1226 260 ARBITER

230 302 476 349 prasinianus
496 313 539 338 es
559 299 745 346 famosus,
766 300 830 338 dic
858 306 901 338 et
930 301 1202 348 Menophilae,
1222 302 1434 340 contuber-

231 363 313 401 nali
333 369 439 410 tuae,
460 363 725 401 discumbat.''
776 363 885 410 Quid
905 364 1056 402 multa?
1089 377 1218 412 paene
1241 364 1293 403 de
1318 365 1434 404 lectis

230 428 379 465 deiecti
410 440 557 473 sumus,
577 426 679 464 adeo
705 432 837 464 totum
863 427 1081 466 triclinium
1100 427 1249 466 familia
1267 441 1434 475 occupa-

230 495 351 528 verat.
414 490 534 528 Certe
569 502 645 537 ego
674 493 809 527 notavi
838 503 958 537 super
984 504 1051 529 me
1081 494 1254 538 positum
1281 504 1433 538 cocum,

230 556 299 600 qui
330 553 382 591 de
409 566 529 600 porco
549 566 731 591 anserem
757 553 922 600 fecerat,
941 557 1068 591 muria
1087 555 1433 601 condimentisque

231 617 440 654 fetentem.
474 617 561 654 Nec
578 621 793 654 contentus
809 617 887 654 fuit
898 618 1144 664 recumbere,
1158 618 1230 655 sed
1244 620 1435 655 continuo

231 680 436 727 Ephesum
456 679 694 726 tragoedum
715 683 848 726 coepit
871 683 1018 718 imitari
1044 685 1087 718 et
1113 679 1282 718 subinde
1307 680 1433 718 domi-

230 757 328 780 num
347 756 463 781 suum
483 745 695 790 sponsione
719 756 932 789 provocare
952 733 1019 781 “si
1044 746 1224 790 prasinus
1247 745 1435 791 proximis

230 807 472 844 circensibus
491 809 660 853 primam
679 806 890 852 palmam.”

287 869 462 907 Diffusus
481 869 555 906 hac
571 871 830 906 contentione
845 868 1084 907 Trimalchio
1104 861 1284 907 “amici’'
1305 871 1436 916 inquit

247 924 314 971 ‘et
333 936 435 971 servi
455 932 637 970 homines
657 937 751 970 sunt
779 937 822 970 et
846 945 973 979 aeque
1001 946 1126 970 unum
1151 932 1298 971 lactem
1323 933 1434 970 bibe-

232 1001 340 1042 runt,
356 999 478 1033 etiam
494 998 526 1033 si
540 995 628 1033 illos
643 995 770 1032 malus
785 995 890 1033 fatus
905 988 1130 1042 oppressit.¹
1197 995 1350 1033 Tamen
1368 1008 1433 1033 me

233 1060 341 1098 salvo
368 1062 449 1097 cito
475 1072 619 1106 aquam
645 1059 812 1096 liberam
838 1059 1069 1104 gustabunt.
1135 1058 1202 1097 Ad
1228 1072 1434 1105 summam,

233 1136 372 1161 omnes
384 1123 472 1160 illos
485 1125 527 1159 in
539 1127 783 1160 testamento
798 1135 889 1159 meo
903 1135 1023 1159 manu
1038 1124 1166 1160 mitto.
1205 1122 1436 1168 Philargyro

235 1189 357 1224 etiam
386 1186 556 1224 fundum
585 1185 678 1231 lego
707 1190 750 1223 et
779 1185 1106 1223 contubernalem
1135 1199 1258 1232 suam,
1279 1185 1435 1223 Carioni

235 1262 392 1296 quoque
408 1249 577 1286 insulam
593 1253 635 1286 et
649 1251 875 1286 vicesimam
891 1253 933 1285 et
947 1248 1098 1286 lectum
1112 1253 1290 1286 stratum.
1331 1248 1436 1286 Nam

237 1312 496 1350 Fortunatam
514 1324 646 1349 meam
665 1311 856 1348 heredem
878 1311 991 1358 facio,
1011 1316 1054 1349 et
1073 1311 1309 1349 commendo
1327 1311 1436 1348 illam

235 1377 419 1414 omnibus
438 1378 574 1412 amicis
593 1377 701 1412 meis.
762 1375 816 1412 Et
835 1374 934 1412 haec
953 1374 1044 1412 ideo
1059 1377 1191 1412 omnia
1204 1374 1376 1421 publico,
1390 1379 1437 1412 ut

237 1439 386 1477 familia
399 1451 489 1476 mea
504 1441 582 1475 iam
597 1450 704 1475 nunc
719 1440 773 1474 sic
789 1450 854 1475 me
869 1442 978 1475 amet
991 1442 1181 1484 tanquam
1195 1437 1434 1475 mortuum.”

238 1503 393 1540 Gratias
421 1514 541 1548 agere
569 1514 707 1538 omnes
735 1500 1011 1546 indulgentiae
1040 1505 1255 1547 coeperant
1273 1500 1436 1547 domini,

236 1579 327 1603 cum
355 1565 424 1602 ille
449 1565 596 1602 oblitus
622 1577 818 1610 nugarum
844 1564 1047 1610 exemplar
1072 1566 1305 1600 testamenti
1323 1566 1437 1601 iussit

235 1629 364 1667 afferri
395 1633 438 1666 et
467 1633 599 1665 totum
629 1641 652 1664 a
681 1630 808 1674 primo
840 1626 892 1664 ad
922 1627 1107 1664 ultimum
1137 1629 1435 1672 ingemescente

236 1693 385 1730 familia
402 1694 594 1730 recitavit.
640 1691 868 1737 Respiciens
888 1690 1034 1727 deinde
1056 1690 1287 1727 Habinnam
1306 1680 1434 1736 “quid

235 1756 364 1794 dicis”
386 1757 518 1802 inquit
537 1745 695 1792 “amice
716 1754 938 1791 carissime?
985 1753 1182 1790 Aedificas
1200 1765 1431 1790 monumen-

235 1825 323 1857 tum
342 1831 489 1863 meum,
510 1816 847 1863 quemadmodum
866 1821 908 1853 te
929 1816 1046 1852 iussi?
1104 1814 1230 1852 Valde
1255 1820 1299 1852 te
1325 1827 1433 1860 rogo,

234 1887 281 1920 ut
300 1881 519 1920 secundum
538 1880 663 1927 pedes
683 1884 838 1916 statuae
867 1891 980 1916 meae
1009 1878 1193 1915 catellam
1222 1871 1367 1924 ponas2
1391 1883 1435 1915 et

233 1958 396 1983 coronas
424 1949 467 1982 et
495 1947 703 1990 unguenta
731 1947 774 1979 et
804 1941 988 1979 Petraitis
1022 1954 1159 1978 omnes
1191 1953 1356 1987 pugnas,
1387 1945 1434 1977 ut

233 924 246 942 K

492 2064 502 2084 ¹
513 2064 693 2106 oppressit
709 2062 918 2095 Buecheler:
940 2061 1171 2103 oppresserit.

491 2115 505 2135 ²
516 2126 631 2158 ponas
648 2114 858 2147 Buecheler:
880 2114 1026 2156 pingas.

347 2175 424 2216 186
