1534 2470
128 1070 176 1107 77

433 181 595 222 TITUS
626 181 938 222 PETRONIUS
967 182 1207 222 ARBITER

215 262 307 300 Uno
335 275 450 300 cursu
480 266 634 301 centies
663 267 894 302 sestertium
922 263 1211 302 corrotundavi.
1270 263 1415 301 Statim

212 329 367 367 redemi
387 329 533 368 fundos
552 343 704 378 omnes,
725 334 792 377 qui
813 333 971 378 patroni
990 334 1071 368 mei
1090 330 1261 369 fuerant.
1292 329 1415 368 Aedi-

213 396 286 434 fico
306 396 482 444 domum,
504 397 698 435 venalicia
718 411 856 436 coemo
882 401 1082 443 iumenta3
1110 397 1300 445 quiequid
1327 402 1415 435 tan-

211 463 369 510 gebam,
383 465 588 502 crescebat
607 469 799 512 tanquam
814 465 936 503 favus.
971 465 1186 512 Postquam
1199 467 1313 511 coepi
1326 464 1416 512 plus

211 529 373 577 habere,
388 544 507 577 quam
521 536 609 569 tota
623 534 751 578 patria
765 545 854 569 mea
870 532 1005 578 habet,
1018 545 1181 569 manum
1194 531 1246 569 de
1258 530 1415 569 tabula:

210 598 352 635 sustuli
372 611 437 635 me
457 598 508 636 de
528 602 804 645 negotiatione
821 605 864 637 et
878 602 992 646 coepi
1010 599 1175 637 libertos
1194 598 1410 636 faenerare.

210 664 264 702 Et
283 677 378 703 sane
398 665 607 703 nolentem
626 679 692 703 me
711 669 921 713 negotium
935 679 1070 703 meum
1089 678 1209 712 agere
1229 665 1412 703 exhorta-

208 734 267 769 vit
294 732 614 779 mathematicus,
636 736 704 779 qui
733 738 899 771 venerat
926 733 1031 770 forte
1060 736 1102 770 in
1122 732 1317 770 coloniam
1342 744 1412 769 no-

210 804 346 846 stram,
367 800 592 847 Graeculio,
613 800 762 847 Serapa
782 804 958 847 nomine,
986 800 1214 838 consiliator
1233 799 1422 837 deorum·'

211 866 292 903 Hic
311 866 410 904 mihi
437 866 540 905 dixit
566 870 688 905 etiam
715 881 775 914 ea,
796 881 898 914 quae
924 867 1071 905 oblitus
1098 879 1226 912 eram3
1254 867 1305 904 ab
1329 869 1412 904 acia

208 937 252 970 et
279 946 353 971 acu
381 936 437 970 mi
466 936 599 971 omnia
628 937 831 981 exposuit3
861 937 1072 972 intestinas
1100 947 1209 971 meas
1228 938 1412 978 noverat5

207 1005 367 1038 tantum
382 1001 490 1047 quod
508 1002 607 1038 mihi
622 1015 703 1039 non
720 1002 889 1048 dixerat,
905 1001 1001 1048 quid
1020 1001 1148 1048 pridie
1164 1013 1408 1038 cenaveram.

210 1067 394 1106 Putasses
420 1068 533 1105 illum
553 1082 711 1116 semper
730 1082 887 1107 mecum
907 1068 1116 1106 habitasse.
1179 1069 1302 1114 Rogo,
1323 1067 1409 1104 Ha-

207 1134 497 1181 binna—puto,
530 1135 824 1173 interfuisti—z
857 1126 938 1172 ‘Tu
976 1135 1177 1172 dominam
1214 1139 1324 1172 tuam
1357 1134 1406 1171 de

207 1202 325 1239 rebus
340 1201 418 1239 illis
434 1201 575 1239 fecisti.
608 1202 669 1239 Tu
689 1216 828 1249 parum
849 1202 945 1239 felix
964 1205 1006 1239 in
1025 1204 1170 1239 amicos
1190 1214 1242 1239 es.
1279 1202 1408 1239 Nemo

207 1281 384 1315 unquam
402 1269 478 1306 tibi
498 1282 635 1315 parem
654 1272 824 1315 gratiam
843 1269 978 1306 refert.
1011 1269 1071 1306 Tu
1090 1269 1303 1306 latifundia
1320 1282 1409 1316 pos-

207 1335 322 1374 sides.
354 1335 416 1373 Tu
431 1339 608 1383 viperam
629 1337 702 1374 sub
721 1336 783 1373 ala
798 1337 989 1373 nutricas’
1008 1341 1062 1382 et,
1079 1336 1186 1382 quod
1200 1337 1309 1374 vobis
1328 1349 1410 1374 non

207 1402 389 1449 dixerim,
411 1408 454 1440 et
486 1416 593 1441 nunc
622 1406 677 1440 mi
706 1408 856 1441 restare
883 1405 989 1440 vitae
1018 1415 1142 1440 annos
1172 1405 1339 1449 triginta
1367 1408 1410 1441 et

206 1483 364 1508 menses
378 1475 567 1516 quattuor
581 1474 624 1507 et
645 1470 730 1507 dies
746 1469 855 1507 duos.
890 1469 1102 1507 Praeterea
1120 1472 1200 1507 cito
1218 1472 1408 1517 accipiam

206 1535 487 1574 hereditatem.
548 1536 639 1573 Hoc
662 1536 761 1573 mihi
790 1535 889 1573 dicit
914 1536 1019 1573 fatus
1045 1549 1168 1574 meus.
1227 1535 1347 1582 Quod
1375 1540 1406 1574 si

206 1605 422 1648 contigerit
447 1602 592 1640 fundos
619 1602 789 1649 Apuliae
816 1605 995 1648 iungere,
1017 1605 1111 1639 satis
1131 1604 1240 1639 vivus
1266 1616 1406 1649 perve-

206 1682 312 1707 nero.
358 1669 526 1706 Interim
545 1669 641 1706 dum
669 1669 890 1706 Mercurius
910 1669 1060 1715 vigilat,
1080 1668 1283 1706 aedificavi
1302 1669 1404 1707 hanc

204 1735 377 1773 domum.
430 1735 488 1773 Ut
515 1738 636 1781 scitis,
657 1729 803 1772 casulal
828 1740 933 1780 erat3
970 1748 1077 1772 nunc
1104 1735 1301 1782 templum
1329 1741 1402 1775 est.

205 1799 344 1836 Habet
370 1803 559 1845 quattuor
585 1801 828 1844 cenationes,
849 1798 1030 1835 cubicula
1048 1801 1203 1844 viginti,
1231 1802 1404 1845 porticus

203 1866 460 1899 marmoratos
489 1861 599 1907 duos,
630 1874 764 1899 susum
793 1854 1076 1907 cenationem,²
1105 1861 1329 1899 cubiculum
1361 1864 1404 1899 in

202 1938 280 1971 quo
299 1927 384 1971 ipse
404 1924 569 1971 dormio,
590 1927 749 1971 viperae
775 1924 893 1962 huius
912 1927 1135 1970 sessorium,
1156 1927 1303 1962 ostiarii
1323 1924 1403 1962 cel-

459 2030 604 2062 ¹casula
621 2029 816 2062 Heinsius:
838 2039 957 2061 cusuc.

458 2079 706 2113 ²eenationem
723 2080 890 2123 Scheffer:
913 2081 1145 2113 cellationem.

311 2137 388 2170 152
