1534 2470
457 215 618 255 TITUS
649 216 961 256 PETRONIUS
990 217 1231 256 ARBITER

180 293 216 332 L
234 294 387 332 basium
406 295 530 333 dedit.
567 288 572 342 Ι
602 296 690 343 Ego
709 299 832 334 etiam
857 299 890 335 si
915 300 1134 344 repositum
1159 301 1203 335 in
1227 300 1438 345 pristinum-

234 358 419 396 decorem
439 372 608 405 puerum
626 360 863 406 gaudebam,
883 361 1175 399 abscondebam
1202 366 1340 399 tamen
1358 361 1436 399 fre-

233 424 421 468 quentius
454 422 609 459 vultum
639 423 1006 469 intellegebamque
1038 437 1104 461 me
1132 437 1214 461 non
1243 424 1438 462 tralaticia

232 484 488 522 deformitate
508 499 594 523 esse
613 488 861 532 insignitum,
877 499 997 532 quem
1015 487 1187 534 alloquio
1202 487 1369 534 dignum
1383 500 1436 525 ne

234 548 376 586 Lichas
406 549 570 595 quidem
595 549 788 587 crederet.
849 550 930 588 Sed
956 550 1050 588 huic
1078 553 1265 589 tristitiae
1292 551 1434 589 eadem

231 611 299 648 illa
318 614 511 649 succurrit
529 612 685 658 ancilla,
701 617 1009 659 sevocatumque
1028 627 1094 651 me
1113 627 1195 651 non
1214 616 1344 652 minus
1364 613 1434 651 de-

232 687 324 711 coro
369 678 575 712 exornavit
620 675 921 722 capillamento3
960 679 1082 713 immo
1121 677 1435 714 commendatior

231 737 364 775 vultus
385 741 544 784 enituit,
564 741 657 785 quia
675 730 835 776 flavum1
854 740 1084 785 corymbion
1104 745 1190 777 erat
1210 769 1218 776 .
1242 768 1250 776 .
1273 769 1282 777 .

158 799 230 838 LO
281 792 286 846 Ι
312 801 500 839 Ceterum
520 802 748 848 Eumolpos,
769 807 811 839 et
830 802 1142 849 periclitantium
1160 803 1373 840 advocatus
1392 807 1435 840 et

121 1439 193 1472 111

229 867 451 910 praesentis
479 865 713 903 concordiae
742 870 892 911 auctor,
923 879 976 903 ne
1009 866 1147 903 sileret
1174 868 1261 904 sine
1289 865 1434 904 fabulis

229 927 419 974 hilaritas,
432 928 559 965 multa
578 931 619 965 in
639 929 876 966 muliebrem
894 929 1103 966 levitatem
1118 932 1251 976 coepit
1264 931 1432 967 iactare:

229 1004 349 1037 quam
369 991 486 1029 facile
505 991 752 1038 adamarent,
767 1006 886 1038 quam
906 995 986 1030 cito
1005 995 1127 1030 etiam
1146 992 1316 1030 filiorum
1334 992 1432 1030 obli-

230 1057 489 1101 viscerentur,
520 1055 751 1102 nullamque
783 1069 869 1094 esse
901 1055 1092 1093 feminam
1121 1061 1205 1093 tam
1234 1056 1432 1103 pudicam,

230 1131 331 1164 quae
350 1131 432 1156 non
451 1121 663 1165 peregrina
681 1118 847 1156 libidine
867 1132 992 1165 usque
1011 1119 1063 1156 ad
1082 1118 1255 1156 furorem
1277 1124 1432 1157 averte-

229 1186 348 1218 retur.
409 1182 495 1219 Nec
520 1194 563 1219 se
589 1182 814 1228 tragoedias
840 1187 996 1219 veteres
1020 1195 1156 1220 curare
1179 1187 1249 1219 aut
1271 1185 1432 1220 nomina

229 1245 394 1283 saeculis
427 1250 536 1291 nota,
569 1245 640 1282 sed
673 1258 759 1282 rem
792 1258 862 1282 sua
893 1248 1084 1282 memoria
1120 1245 1280 1291 factam,
1313 1258 1429 1292 quam
1487 1254 1490 1256 ’

229 1311 500 1355 expositurum
529 1321 571 1346 se
601 1321 699 1354 esse,
729 1311 762 1346 si
790 1308 982 1346 vellemus
1019 1308 1166 1346 audire..
1225 1308 1428 1347 Conversis

228 1373 351 1417 igitur
370 1374 547 1408 omnium
566 1373 608 1408 in
632 1384 674 1408 se
693 1371 868 1409 vultibus
887 1371 1126 1417 auribusque
1146 1373 1201 1408 sic
1220 1384 1330 1409 orsus
1349 1376 1427 1410 est:

284 1425 505 1472 “Matrona
524 1434 720 1480 quaedam
745 1434 894 1481 Ephesi
917 1439 999 1471 tam
1023 1439 1143 1472 notae
1170 1439 1256 1471 erat
1278 1434 1429 1480 pudici-

228 1500 321 1544 tiae,
341 1502 388 1535 ut
407 1500 624 1535 vicinarum
644 1510 802 1544 quoque
821 1500 1005 1544 gentium
1025 1497 1192 1535 feminas
1211 1497 1262 1534 ad
1277 1503 1429 1544 specta-

228 1560 361 1598 culum
381 1563 440 1598 sui
461 1566 654 1598 evocaret.
701 1561 816 1598 Haec
836 1573 932 1606 ergo
951 1574 1042 1597 cum
1061 1563 1188 1598 virum
1208 1560 1429 1607 extulisset,

227 1637 308 1662 non
329 1629 520 1662 contenta
539 1624 692 1670 vulgari
711 1637 821 1661 more
841 1623 960 1661 funus
975 1626 1097 1670 passis
1112 1626 1296 1670 prosequi
1311 1626 1428 1660 crini-

228 1683 300 1720 bus
333 1687 403 1720 aut
435 1682 632 1719 nudatum
665 1687 806 1728 pectus
843 1685 886 1718 in
924 1686 1139 1727 conspectu
1177 1681 1427 1727 frequentiae

227 1740 431 1787 plangere,
455 1743 497 1777 in
526 1740 791 1777 conditorium
821 1743 940 1778 etiam
967 1744 1176 1786 prosecuta
1199 1744 1261 1777 est
1283 1739 1426 1776 defun-

226 1804 349 1844 ctum,
378 1802 631 1845 positumque
660 1801 702 1835 in
731 1798 939 1845 hypogaeo
966 1798 1120 1835 Graeco
1147 1810 1256 1835 more
1286 1810 1426 1844 corpus

226 1856 426 1894 custodire
445 1870 490 1894 ac
509 1856 603 1894 flere
623 1860 719 1894 totis
739 1857 922 1893 noctibus
942 1855 1162 1902 diebusque
1182 1858 1324 1903 coepit.
1361 1855 1426 1894 Sic

225 1915 480 1952 afflictantem
507 1928 549 1952 se
574 1928 620 1951 ac
645 1920 817 1952 mortem
845 1914 979 1952 inedia
1007 1909 1316 1960 persequentem
1343 1926 1424 1951 non

225 1978 411 2019 parentes
442 1978 661 2020 potuerunt
690 1973 903 2019 abducere,
933 1985 1018 2009 non
1041 1974 1272 2019 propinqui3
1299 1975 1423 2018 magi*-

223 2024 370 2069 stratus
378 2031 519 2069 ultimo
527 2031 674 2078 repulsi
683 2032 880 2077 abierunt,
887 2030 1208 2076 complorataque
1217 2029 1424 2076 singularis

353 2106 361 2124 ¹
378 2106 509 2138 flavum
528 2106 669 2148 margin
686 2106 737 2138 ed.
756 2106 801 2148 qf
811 2106 1048 2138 Tornaesius:
1063 2105 1269 2138 flaucorum.

332 2162 409 2196 228
