1500 2470
450 210 612 251 TITUS
644 212 955 252 PETRONIUS
986 214 1224 252 ARBITER

229 303 310 329 non
326 295 409 328 tam
425 292 574 328 bonum
590 295 715 338 posui,
732 298 775 330 et
789 293 917 331 multo
932 294 1180 332 honestiores
1195 293 1432 333 cenabant.”

232 359 466 397 Potantibus
493 373 589 406 ergo
615 362 729 398 nobis
761 366 804 399 et
833 365 1125 401 accuratissime
1156 363 1332 401 lautitias
1361 366 1435 401 mi-

232 431 411 468 rantibus
431 431 580 469 larvam
599 438 833 479 argenteam
852 434 991 472 attulit
1010 447 1145 472 servus
1165 438 1221 473 sic
1244 440 1435 482 aptatam,

231 508 276 540 ut
291 503 447 541 articuli
463 507 547 542 eius
563 506 851 552 vertebraeque
867 506 1026 544 luxatae
1042 509 1084 544 in
1100 520 1260 544 omnem
1280 512 1435 554 partem

230 575 497 613 flecterentur.
543 619 546 622 ,
559 576 678 613 Hanc
698 589 788 613 cum
804 590 923 623 super
937 590 1116 615 mensam
1131 577 1255 615 semel
1270 580 1435 615 iterum-

230 660 308 693 que
328 648 550 694 abiecisset,
572 653 615 686 et
634 651 834 686 catenatio
857 649 1013 686 mobilis
1033 649 1184 695 aliquot
1203 649 1347 695 figuras
1366 661 1434 686 ex-

230 722 434 766 primeret,
455 719 694 757 Trimalchio
713 721 880 758 adiecit:

276 781 302 798 “
315 790 430 828 Eheu
450 804 522 828 nos
542 795 718 838 miseros,
739 805 857 838 quam
877 797 986 830 totus
1005 792 1218 830 homuncio
1237 793 1293 830 nil
1314 797 1386 831 est.

314 862 379 900 Sic
400 866 546 900 erimus
566 867 713 909 cuncti,
734 868 944 910 postquam
963 877 1035 902 nos
1055 864 1212 902 auferet
1232 864 1370 903 Orcus.

369 937 476 982 Ergo
495 940 684 983 vivamus,
705 937 802 975 dum
821 937 918 976 licet
937 951 1023 976 esse
1044 939 1186 976 bene.'’

150 1013 199 1047 85
288 1008 578 1045 Laudationem
599 1008 795 1046 ferculum
816 1014 878 1046 est
893 1012 1118 1047 insecutum
1133 1010 1252 1056 plane
1267 1023 1348 1047 non
1363 1021 1430 1056 pro

230 1083 510 1127 expectatione
542 1093 752 1126 magnum3
787 1083 942 1118 novitas
970 1085 1106 1118 tamen
1134 1084 1311 1118 omnium
1340 1095 1433 1118 con-

229 1154 351 1189 vertit
365 1151 510 1188 oculos,
562 1151 792 1188 Rotundum
808 1155 915 1188 enim
930 1155 1207 1197 repositorium
1221 1152 1431 1190 duodecim

230 1217 405 1254 habebat
424 1219 537 1261 signa
556 1219 598 1253 in
621 1217 716 1254 orbe
741 1216 944 1262 disposita,
964 1229 1083 1263 super
1106 1230 1207 1263 quae
1229 1221 1432 1264 proprium

228 1285 617 1328 convenientemque
630 1286 820 1320 materiae
836 1288 1008 1320 structor
1022 1286 1265 1329 imposuerat
1279 1285 1432 1321 cibum:

229 1363 348 1397 super
366 1353 535 1387 arietem
555 1353 660 1387 cicer
685 1353 911 1396 arietinum,
932 1363 1051 1396 super
1075 1355 1234 1387 taurum
1259 1351 1432 1388 bubulae

229 1418 413 1463 frustum,
429 1430 548 1464 super
566 1420 748 1463 geminos
767 1417 973 1454 testiculos
987 1430 1033 1454 ac
1048 1419 1192 1463 rienes,
1207 1430 1326 1464 super
1340 1431 1432 1455 can-

229 1498 339 1522 crum
359 1497 557 1530 coronam,
585 1497 703 1530 super
728 1484 889 1521 leonem
914 1483 1032 1520 ficum
1052 1483 1294 1530 Africanam,
1313 1497 1432 1531 super

228 1555 424 1598 virginem
443 1551 712 1596 steriliculam,
733 1564 852 1597 super
871 1551 1011 1588 libram
1036 1555 1227 1588 stateram
1252 1554 1294 1588 in
1320 1555 1430 1589 cuius

162 1620 207 1657 H
223 1619 350 1657 altera
369 1623 483 1665 parte
503 1618 679 1655 scriblita
705 1622 804 1663 erat,
825 1620 867 1654 in
892 1617 1018 1654 altera
1043 1617 1241 1664 placenta,
1274 1609 1280 1664 Ι
1311 1631 1430 1665 super

133 1687 209 1725 HL
228 1689 477 1733 scorpionem
507 1685 741 1732 pisciculum
769 1675 1003 1730 marinum,l
1035 1697 1154 1730 super
1182 1688 1429 1730 sagittarium

227 1754 464 1800 oclopetam,
502 1765 622 1799 super
664 1754 937 1798 capricornum
985 1751 1178 1788 locustam
1224 1755 1429 1798 marinam,

226 1833 346 1867 super
375 1821 580 1865 aquarium
613 1831 809 1863 anserem,
841 1830 959 1863 super
989 1820 1116 1863 pisces
1147 1817 1246 1855 duos
1273 1818 1426 1856 mullos.

229 1887 276 1924 In
310 1886 443 1923 medio
476 1890 612 1922 autem
642 1897 803 1931 caespes
832 1897 922 1921 cum
951 1884 1085 1921 herbis
1115 1887 1268 1922 excisus
1296 1884 1429 1922 favum

225 1953 459 1992 sustinebat.
519 1950 834 1989 Circumferebat
872 1951 1097 1997 Aegyptius
1134 1963 1234 1997 puer
1275 1951 1430 1988 clibano

225 2025 419 2067 argenteo
438 2031 594 2066 panem.
615 2047 622 2055 .
642 2047 649 2055 .
669 2047 676 2055 .

226 2088 362 2133 Atque
392 2089 477 2133 ipse
512 2087 634 2123 etiam
667 2086 898 2125 taeterrima
930 2097 1026 2122 voce
1060 2083 1111 2121 de
1145 2083 1428 2131 Laserpiciario

336 2154 387 2190 52
