1534 2470
169 568 211 601 11

168 1133 213 1165 12

165 1638 212 1671 13

463 203 626 243 TITUS
656 204 967 244 PETRONIUS
997 206 1236 245 ARBITER

245 285 475 323 verberibus
494 287 690 323 rimantur
707 288 786 324 iter
802 298 813 331 ;
841 299 917 324 nec
936 286 1086 324 desinit
1103 292 1199 325 ante

245 340 426 387 frigidus,
446 334 670 378 adstrictis¹
690 343 759 387 qui
777 346 923 388 regnat
941 344 983 379 in
1003 342 1166 388 ossibus,
1186 342 1324 381 horror

245 409 366 443 quam
384 396 546 443 tepidus
566 396 657 434 laxo
675 399 853 434 manavit
872 410 1036 444 corpore
1054 397 1184 435 sudor.

247 512 298 546 84
318 506 475 545 P.L.M.

247 563 284 602 O
303 563 399 601 litus
419 566 500 600 vita
520 562 619 600 mihi
638 562 807 609 dulcius,
826 575 850 600 o
869 563 997 600 mare!
1027 563 1124 601 felix

355 621 419 656 cui
438 618 536 655 licet
555 617 606 655 ad
626 623 752 656 terras
771 621 830 655 ire
849 618 1020 656 subinde
1039 618 1168 656 meas!

246 674 284 712 O
304 673 475 711 formosa
494 673 599 711 dies!
630 673 705 710 hoc
725 673 926 719 quondam
945 686 1036 711 rure
1055 673 1232 711 solebam

355 721 551 766 Naiadas²
569 728 725 766 alterna
743 728 955 766 sollicitare
974 729 1114 766 manu!

246 785 328 822 Hic
348 784 471 822 fontis
491 784 601 822 lacus
621 789 696 830 est,
715 783 798 820 illic
817 786 926 821 sinus
947 786 1076 830 egerit
1094 783 1223 830 algas:

354 840 454 878 haec
473 842 594 877 statio
614 844 676 877 est
695 841 828 876 tacitis
847 831 948 876 fida³
968 838 1230 885 cupidinibus.

246 895 423 940 Pervixi3
451 908 584 941 neque
604 897 712 932 enim
732 894 893 931 fortuna
911 893 1122 940 malignior
1140 906 1315 940 unquam

355 953 500 998 eripiet
517 950 632 987 nobis
652 949 758 996 quod
778 952 884 996 prior
902 941 1023 986 hora⁴
1042 948 1166 987 dedit.

246 1076 296 1110 85
318 1069 475 1108 P.L.M.

246 1127 362 1164 Haec
381 1128 439 1163 ait
458 1130 501 1162 et
519 1123 692 1162 tremulo
712 1123 881 1160 deduxit
900 1125 1049 1160 vertice
1069 1135 1187 1160 canos

244 1183 528 1226 consecuitque
547 1191 693 1226 genas;
722 1178 845 1215 oculis
865 1191 940 1215 nec
961 1177 1091 1215 defuit
1110 1179 1250 1224 imber,

244 1237 316 1276 sed
335 1235 461 1283 qualis
479 1238 632 1281 rapitur
650 1247 722 1280 per
742 1233 853 1270 vallis
872 1233 1074 1279 improbus
1091 1235 1231 1278 amnis,

244 1306 335 1330 cum
353 1290 512 1339 gelidae
533 1292 688 1336 periere
708 1291 819 1326 nives
840 1292 883 1325 et
901 1287 1114 1334 languidus
1132 1292 1268 1325 auster

242 1361 326 1386 non
344 1349 496 1394 patitur
514 1345 684 1391 glaciem
703 1343 878 1381 resoluta
897 1346 1028 1380 vivere
1049 1348 1169 1389 terra,

242 1405 404 1451 gurgite
424 1404 480 1439 sic
499 1400 620 1447 pleno
640 1399 761 1436 facies
780 1401 956 1435 manavit
976 1403 1020 1435 et
1038 1397 1120 1435 alto

243 1460 421 1496 insonuit
438 1458 595 1503 gemitu
614 1455 775 1492 turbato
794 1466 995 1491 murmure
1015 1458 1165 1499 pectus.

244 1575 295 1615 86
315 1574 471 1614 P.L.M.

243 1633 348 1670 Nam
368 1634 485 1668 citius
504 1629 680 1667 flammas
700 1627 887 1665 mortales
908 1639 975 1663 ore
995 1626 1196 1664 tenebunt

241 1701 361 1734 quam
380 1690 535 1724 secreta
554 1689 707 1730 tegant.
743 1681 945 1729 Quicquid
965 1681 1135 1718 dimittis
1154 1684 1195 1717 in
1215 1680 1318 1726 aula,

241 1743 365 1781 effluit
385 1746 429 1779 et
449 1741 590 1778 subitis
609 1739 832 1776 rumoribus
852 1736 998 1783 oppida
1017 1736 1159 1783 pulsat.

240 1799 327 1836 Nec
347 1799 441 1834 satis
462 1800 524 1833 est
544 1794 724 1840 vulgasse
745 1792 876 1829 fidem.
927 1791 1174 1828 Cumulatius
1194 1793 1277 1827 exit

239 1852 475 1900 proditionis
496 1863 594 1896 opus
613 1848 840 1893 famamque
860 1859 1025 1884 onerare
1044 1846 1205 1884 laborat

279 1949 288 1967 ¹
299 1954 333 1981 et
350 1947 503 1989 frigidus
520 1945 655 1978 strictis
679 1944 732 1983 V.‚
751 1954 834 1975 corr.
853 1942 987 1973 Reiske.

277 1992 291 2012 ¹
303 1991 470 2024 Naiadas
483 1989 701 2029 Lindenbmg
713 1998 726 2020 .·
743 1986 879 2019 Iliadas
900 1985 936 2017 V.
957 1986 1097 2017 alterna
1109 2007 1117 2016 .
1133 2007 1140 2016 .
1156 2007 1164 2015 .
1178 1993 1284 2015 manu
1302 1983 1335 2014 B

234 2039 398 2069 armatas
411 2057 419 2066 .
436 2057 443 2064 .
460 2056 468 2064 .
483 2043 611 2064 manus
632 2031 670 2063 V.

276 2078 290 2099 ⁸
302 2078 374 2110 fida
394 2077 586 2108 Pithoeus:
608 2075 704 2107 victa
729 2073 767 2105 V.

276 2122 290 2143 ⁴
299 2122 396 2164 prior
412 2121 502 2153 hora
517 2119 695 2160 Scaliger:
719 2117 838 2159 priora
863 2114 902 2147 V.

347 2176 423 2209 348
