1534 2470
684 187 1027 226 FRAGMENTA

816 323 895 361 XX

309 388 550 427 Terentianus
568 389 729 426 Maurus
747 388 792 425 de
811 387 934 425 metris
945 401 959 424 .-

414 453 533 490 Nunc
553 452 706 498 divisio,
726 464 846 498 quam
865 450 1088 497 loquemur,
1108 449 1206 487 edet

412 511 600 562 metrum,
620 528 698 561 quo
717 518 942 552 memorant
962 513 1215 550 Anacreonta

413 579 550 616 dulces
571 580 837 625 composuisse
858 576 1088 614 cantilenas.

413 643 504 680 Hoc
525 642 734 679 Petronius
752 643 955 678 invenitur
972 652 1078 686 usus,

413 706 539 743 Musis
559 718 650 742 cum
668 704 838 751 lyricum
858 703 985 740 refert
1004 701 1179 740 eundem

414 771 674 806 consonantia
692 768 814 805 verba
833 769 1060 811 cantitasse,

413 837 457 870 et
474 832 609 878 plures
628 831 705 881 alii.
739 829 819 869 Sed
838 832 915 867 iste
935 841 1071 866 versus

413 895 519 941 quali
539 897 780 941 compositus
798 898 908 931 tome
927 895 992 938 sit,
1012 891 1139 929 edam.

413 949 642 995 “Iuverunt
660 961 820 1003 segetes
839 969 975 994 meum
992 954 1208 992 laborem.”

414 1012 643 1059 “Iuverunt
655 1021 677 1034 ”
700 1025 820 1067 caput
840 1024 902 1057 est
920 1019 962 1056 id
980 1018 1256 1055 hexametri-

414 1085 521 1132 quod
539 1089 666 1122 restat
686 1074 711 1091 “
723 1088 883 1130 segetes
902 1095 1037 1119 meum
1056 1077 1271 1124 laborem‚’'

413 1149 494 1186 tale
514 1153 577 1186 est
596 1161 669 1184 ceu
690 1137 874 1192 “triplici
893 1145 1003 1182 vides
1023 1148 1069 1181 ut
1088 1147 1178 1180 ortu

413 1211 568 1248 Triviae
588 1215 744 1248 rotetur
763 1212 867 1255 ignis

411 1274 639 1320 volucrique
662 1273 844 1309 Phoebus
862 1284 936 1309 axe

414 1338 597 1385 rapidum
616 1340 797 1383 pererret
816 1336 954 1373 orbem
967 1334 989 1347 ”

1524 1385 1534 1428 ᾗ

802 1478 900 1516 ΧΧΙ

305 1545 502 1584 Diomedes
520 1544 558 1582 in
577 1549 656 1581 arte
676 1543 748 1580 III
758 1556 797 1589 p.
816 1542 897 1579 518
913 1540 1050 1578 Keilii:
1082 1540 1135 1577 Et
1153 1538 1254 1578 illud
1272 1538 1367 1576 hinc
1386 1542 1449 1576 est
1517 1425 1534 1648 i

250 1622 404 1647 comma
423 1608 530 1655 quod
549 1607 714 1644 Arbiter
733 1606 831 1643 feeit
849 1605 930 1642 tale

469 1662 616 1708 “Anus
635 1674 794 1707 recocta
812 1671 904 1705 vino

467 1733 733 1771 trementibus
751 1729 937 1768 labellis''

1520 1650 1534 1680 ἑ

1526 1691 1534 1704 ι

787 1890 907 1928 ΧΧΙΙ

303 1935 453 1997 Semius'
466 1957 504 1995 in
523 1962 636 1995 artem
664 1955 804 1993 Donati
824 1968 864 2001 ρ.
886 1954 1035 1999 &aaz
1054 1952 1191 1990 Keilii.-
1223 1951 1328 1988 Item
1347 1950 1445 1997 Qui-

249 2026 344 2060 rites
364 2022 463 2059 dicit
481 2033 647 2058 numero
667 2023 827 2056 tantum
846 2017 999 2064 plurali.
1059 2016 1139 2054 Sed
1151 2015 1321 2060 legimus
1338 2012 1444 2060 apud

250 2086 465 2123 Horatium
502 2083 610 2120 hunc
649 2081 861 2128 Quiritem,
900 2084 946 2117 ut
983 2082 1035 2117 sit
1071 2079 1336 2115 nominativus
1377 2076 1443 2115 hic

359 2144 436 2177 334
