1534 2470
465 177 627 217 TITUS
658 177 970 218 PETRONIUS
998 178 1238 217 ARBITER

245 271 335 295 mea
350 263 541 296 convocat
555 271 693 297 omnes
708 258 950 305 quasillarias
962 258 1215 305 familiaeque
1230 259 1444 297 sordidissi-

243 330 350 354 mam
369 322 526 364 partem
543 330 590 355 ae
604 330 670 355 me
685 320 846 364 conspui
863 318 986 356 iubet.
1032 317 1204 365 Oppono
1219 331 1295 365 ego
1308 330 1449 357 manus

245 375 368 414 oculis
396 378 510 422 meis,
538 376 738 423 nullisque
767 376 899 414 effusis
931 377 1127 423 precibus,
1156 379 1250 424 quia
1276 377 1449 416 sciebam

244 434 341 481 quid
353 438 600 481 meruissem,
608 436 838 473 verberibus
845 428 1068 482 sputisquel
1084 464 1092 474 .
1111 464 1119 472 .
1139 465 1147 474 .
1166 441 1279 474 extra
1290 439 1449 475 ianuam

245 496 398 532 eiectus
423 507 521 531 sum.
573 494 726 532 Eicitur
749 499 792 532 et
819 494 1064 540 Proselenos,
1089 494 1251 541 Chrysis
1273 494 1448 541 vapulat,

244 557 410 599 totaque
426 552 575 590 familia
593 555 719 590 tristis
738 555 845 591 inter
863 566 907 591 se
926 558 1077 591 mussat
1096 556 1344 600 quaeritque,
1359 556 1449 600 quia

243 611 429 649 dominae
447 611 692 649 hilaritatem
711 612 939 650 confuderit
957 641 966 650 .
989 641 998 650 .
1020 641 1029 650 .

300 669 443 717 Itaque
466 673 644 717 pensatis
666 671 817 709 vicibus
849 673 1061 708 animosior
1088 671 1299 709 verberum
1331 676 1447 710 notas

243 734 330 767 arte
346 732 520 776 contexi,
536 742 588 767 ne
603 734 674 767 aut
693 729 911 776 Eumolpus
927 729 1170 767 contumelia
1182 743 1272 767 mea
1286 729 1447 767 hilarior

155 788 226 826 Lo
245 788 361 826 fieret
389 793 461 826 aut
490 790 641 826 tristior
672 788 806 826 Giton.
842 779 847 834 Ι
880 787 1000 835 Quod
1029 788 1157 826 solum
1187 791 1310 835 igitur
1339 788 1447 826 salvo

244 847 396 894 pudore
415 852 609 894 poteram,
630 850 864 893 contingere
883 847 1117 894 languorem
1140 847 1332 894 simulavi,
1352 860 1446 885 con-

243 906 430 952 ditusque
450 905 600 944 lectulo
618 911 750 944 totum
769 909 905 952 ignem
925 906 1066 943 furoris
1084 909 1127 943 in
1147 919 1234 943 eam
1254 909 1444 952 converti,

243 978 345 1012 quae
364 965 463 1002 mihi
482 967 660 1002 omnium
679 964 872 1002 malorum
892 978 1008 1002 causa
1026 964 1181 1003 fuerat:

353 1029 417 1062 ter
435 1026 605 1070 corripui
623 1023 845 1062 terribilem
862 1037 983 1060 manu
1003 1024 1233 1070 bipennem,

351 1088 415 1120 ter
433 1082 658 1129 languidior
675 1082 832 1120 coliculi
850 1087 1018 1128 repente
1033 1081 1171 1128 thyrso

352 1141 502 1179 ferrum
520 1143 649 1187 timui,
670 1140 777 1187 quod
795 1140 953 1186 trepido
971 1140 1075 1178 male
1094 1140 1216 1179 dabat
1234 1153 1359 1178 usum.

352 1200 439 1238 Nec
454 1203 532 1237 iam
547 1205 741 1247 poteram,
757 1199 864 1245 quod
877 1199 996 1237 modo
1011 1199 1205 1237 conficere
1219 1199 1393 1246 libebat;

351 1271 524 1306 namque
543 1258 613 1296 illa
630 1263 743 1296 metu
762 1257 943 1304 frigidior
961 1260 1119 1304 rigente
1138 1258 1278 1296 bruma

351 1318 588 1364 confugerat
606 1320 649 1354 in
668 1319 818 1355 viscera
836 1316 947 1354 mille
966 1321 1106 1363 operta
1124 1319 1242 1364 rugis.

354 1376 418 1415 Ita
435 1390 518 1414 non
536 1378 650 1423 potui
664 1375 858 1422 supplicio
877 1380 998 1422 caput
1017 1378 1184 1422 aperire,

351 1435 423 1474 sed
442 1435 653 1473 furciferae
672 1434 878 1472 mortifero
896 1437 1040 1472 timore
1062 1434 1171 1472 lusus

350 1495 402 1532 ad
417 1495 550 1541 verba,
565 1496 691 1540 magis
706 1506 807 1540 quae
827 1498 1015 1539 poterant
1033 1505 1192 1539 nocere,
1207 1492 1303 1539 fug-i.

297 1554 465 1591 Erectus
484 1555 608 1599 igitur
626 1555 668 1589 in
691 1552 871 1589 cubitum
894 1551 968 1588 hac
992 1551 1076 1589 fere
1102 1554 1280 1590 oratione
1304 1557 1443 1590 contu-

241 1626 395 1650 macem
410 1614 569 1649 vexavi:
598 1601 736 1658 “Quid
756 1610 886 1648 dicis''
908 1612 1070 1656 inquam
1090 1600 1116 1618 “
1124 1613 1301 1647 omnium
1315 1610 1442 1648 homi-

241 1685 339 1709 num
354 1671 600 1717 deorumque
616 1669 769 1716 pudor?
797 1669 901 1706 Nam
921 1681 973 1706 ne
993 1671 1197 1706 nominare
1217 1669 1380 1715 quidem
1398 1674 1442 1707 te

241 1733 349 1769 inter
370 1742 434 1767 res
457 1731 578 1767 serias
603 1728 662 1765 fas
686 1732 758 1765 est.
810 1727 902 1764 Hoc
929 1727 980 1764 de
1005 1732 1049 1764 te
1071 1729 1212 1773 merui,
1231 1732 1278 1765 ut
1305 1740 1371 1765 me
1399 1730 1441 1764 in

187 1790 222 1828 L
240 1789 351 1828 caelo
383 1791 557 1835 positum
590 1787 642 1824 ad
674 1786 822 1823 inferos
854 1785 1059 1823 traheres?
1091 1777 1096 1831 Ι
1124 1786 1182 1824 Ut
1213 1785 1442 1824 traduceres

240 1860 364 1886 annos
384 1850 511 1893 primo
525 1845 712 1883 florentes
727 1847 862 1890 vigore
882 1848 1147 1890 senectaeque
1166 1844 1330 1881 ultimae
1345 1844 1442 1883 mihi

241 1906 517 1944 lassitudinem
537 1903 791 1950 imponeres?
823 1902 933 1948 Rogo
956 1907 1012 1947 te,
1038 1902 1136 1939 mihi
1159 1902 1346 1948 apodixin
1371 1902 1441 1940 de·

241 1965 482 2003 functoriam
501 1962 665 2001 redde.”
725 1961 842 1998 Haec
860 1965 907 1998 ut
926 1963 1049 1997 iratus
1069 1960 1202 2007 effudi,

521 2074 732 2109 'Buecheler
746 2073 863 2109 would
875 2073 987 2107 insert
999 2071 1160 2110 obrutus,

350 2131 430 2173 294
