1534 2470
105 1573 157 1613 64

404 227 566 267 TITUS
597 229 910 269 PETRONIUS
938 207 1200 269 ARmTER*

186 311 302 352 runt;
331 312 493 354 putares
525 321 665 345 canem
691 308 870 356 leporem
902 313 1099 357 persequi.
1131 311 1274 349 Habek
1282 323 1392 350 smus

188 374 286 407 tunc
302 369 508 408 hominem
524 371 813 419 Cappadocem,
828 372 1007 420 longum,
1021 373 1140 411 valde
1155 373 1392 412 audaculum

187 438 231 471 et
245 436 313 480 qui
328 434 507 472 valebat:
527 440 686 482 poterat
700 429 866 473 bovem1
882 439 1028 474 iratum
1041 437 1195 475 tollere.
1228 437 1310 475 Hic
1323 451 1392 475 au-

187 496 326 534 dacter
345 500 484 534 stricto
503 497 637 544 gladio
653 503 766 536 extra
781 502 927 537 ostium
942 503 1202 547 procucurrit,
1214 500 1392 538 involuta

187 563 346 598 sinistra
364 574 485 598 manu
506 564 672 608 curiose,
693 567 736 600 et
758 562 968 600 mulierem
991 568 1183 610 tanquam
1205 563 1282 601 hoc
1303 563 1392 601 loco

187 624 394 661 —salvum
409 627 473 670 sit,
487 625 594 671 quod
609 626 962 672 tango—mediam
976 629 1144 665 traiecit.
1194 627 1391 665 Audimus

186 690 396 733 gemitum,
418 687 635 734 et—plane
656 701 738 726 non
757 691 1088 736 mentiar—ipsas
1106 703 1189 727 non
1207 690 1388 728 vidimus.

190 750 291 787 Baro
316 755 453 788 autem
480 755 617 788 noster
638 754 881 790 introversus
905 765 947 790 se
971 755 1139 799 proiecit
1160 756 1203 790 in
1225 752 1390 800 lectum,

188 819 232 851 et
251 827 391 860 corpus
410 819 543 851 totum
561 814 728 852 lividum
746 815 922 853 habebat
937 819 1047 862 quasi
1061 816 1226 863 flagellis
1241 829 1391 863 caesus,

187 880 280 924 quia
303 877 456 914 scilicet
478 877 593 914 illum
618 881 811 924 tetigerat
837 879 941 916 mala
963 893 1113 917 manus.
1173 879 1256 917 Nos
1282 879 1391 917 cluso

188 942 290 978 ostio
310 940 485 977 redimus
505 943 652 978 iterum
671 941 720 978 ad
742 942 924 988 officium,
945 942 1016 979 sed
1039 942 1136 979 dum
1158 947 1288 980 mater
1308 956 1391 980 am-

188 1003 370 1050 plexaret
389 1017 530 1050 corpus
551 1004 619 1040 filii
640 1007 712 1050 sui,
728 1007 861 1050 tangit
876 1010 918 1042 et
932 1005 1044 1042 videt
1058 1005 1326 1043 manuciolum
1340 1005 1391 1044 de

187 1070 416 1105 stramentis
440 1067 601 1105 factum.
663 1068 755 1105 Non
779 1082 846 1106 cor
869 1068 1057 1116 habebat,
1080 1082 1162 1106 non
1186 1072 1390 1116 intestina,

187 1144 268 1168 non
288 1133 519 1177 quicquam:
546 1131 698 1168 scilicet
717 1134 795 1167 iam
819 1145 988 1178 puerum
1016 1134 1164 1178 strigae
1191 1132 1390 1170 involave-

188 1199 279 1232 rant
294 1199 337 1231 et
352 1199 642 1240 supposuerant
656 1197 971 1232 stramenticium
987 1200 1232 1232 vavatonem.
1280 1195 1390 1241 Rogo

188 1271 268 1303 vos,
302 1262 462 1304 oportet
495 1257 678 1303 credatis,
712 1262 806 1295 sunt
838 1258 1024 1295 mulieres
1057 1258 1264 1305 plussciae‚
1297 1263 1386 1297 sun?

187 1326 420 1366 nocturnae,
459 1325 503 1357 et
546 1320 653 1367 quod
691 1334 846 1358 sursum
884 1326 959 1367 est,
997 1321 1182 1359 deorsum
1225 1321 1387 1359 faciunt.

188 1384 378 1422 Ceterum
399 1384 494 1420 baro
518 1383 587 1421 ille
615 1384 758 1430 longus
786 1389 877 1431 post
905 1383 981 1421 hoc
1009 1384 1160 1421 factum
1187 1397 1390 1431 nunquam

187 1447 327 1485 coloris
361 1449 422 1484 sui
451 1447 541 1493 fuit,
572 1450 693 1484 immo
724 1452 814 1494 post
844 1460 988 1494 paucos
1019 1447 1104 1485 dies
1134 1447 1390 1494 phreneticus

186 1510 343 1558 periit.'’

243 1574 435 1611 Miramur
454 1587 526 1611 nos
546 1578 589 1611 et
608 1576 756 1620 pariter
776 1574 986 1620 credimus,
1006 1574 1251 1620 osculatique
1276 1587 1388 1611 men-

186 1651 270 1675 sam
312 1650 497 1683 rogamus
535 1642 762 1683 nocturnas,
796 1642 843 1675 ut
880 1640 959 1675 suis
996 1650 1039 1675 se
1077 1642 1256 1683 teneant,
1290 1637 1387 1675 dum

185 1700 361 1738 redimus
380 1714 404 1737 a
423 1713 531 1737 cena.

241 1763 295 1800 Et
313 1776 408 1800 sane
427 1766 506 1800 iam
524 1763 711 1800 lucernae
731 1763 829 1800 mihi
845 1763 977 1809 plures
993 1763 1230 1800 videbantur
1244 1762 1383 1800 ardere

184 1827 395 1867 totumque
423 1821 641 1858 triclinium
670 1835 756 1859 esse
784 1827 996 1868 mutatum,
1028 1835 1118 1859 cum
1148 1821 1386 1858 Trimalchio

185 1871 293 1918 “tibi
312 1879 433 1917 dico”
455 1882 588 1927 inquit
607 1871 838 1926 “Plocame,
859 1880 959 1917 nihil
979 1881 1137 1917 narras?
1184 1879 1295 1917 Nihil
1314 1892 1386 1917 nos

184 1939 421 1977 delectaris?
479 1938 533 1975 Et
558 1938 711 1976 solebas
738 1942 894 1976 suavius
923 1952 1022 1986 esse,
1052 1941 1250 1976 canturire
1279 1938 1384 1975 belle

184 1998 384 2044 deverbia‚
408 1997 567 2034 adicere
595 1997 790 2034 melicam.
851 1998 947 2035 Heu
975 1997 1069 2044 heu,
1095 1998 1232 2034 abistis
1258 1996 1384 2034 dulcis

182 2055 371 2094 caricae.”
431 2046 582 2093 “Iam''
608 2058 740 2102 inquit
762 2055 830 2093 isse
856 2046 1104 2102 “quadrigae
1130 2067 1243 2092 meae
1263 2054 1383 2092 decu-

541 2126 550 2145 ¹
562 2126 689 2160 bovem
708 2125 833 2160 Reislce
843 2139 857 2160 .·
878 2127 1014 2168 Jovem.

295 2184 369 2218 118
