<?xml version="1.0" encoding="UTF-8"?>
<!DOCTYPE html PUBLIC "-//W3C//DTD XHTML 1.0 Transitional//EN"
    "http://www.w3.org/TR/xhtml1/DTD/xhtml1-transitional.dtd">
<html xmlns="http://www.w3.org/1999/xhtml" xml:lang="en" lang="en">
 <head>
  <title>
</title>
<meta http-equiv="Content-Type" content="text/html;charset=utf-8" />
  <meta name='ocr-system' content='tesseract 3.04.00' />
  <meta name='ocr-capabilities' content='ocr_page ocr_carea ocr_par ocr_line ocrx_word'/>
</head>
<body>
  <div class='ocr_page' id='page_1' title='image "./petronius00petruoft_0336.png"; bbox 0 0 1534 2470; ppageno 0'>
   <div class='ocr_carea' id='block_1_1' title="bbox 475 225 1248 265">
    <p class='ocr_par' dir='ltr' id='par_1_1' title="bbox 475 225 1248 265">
     <span class='ocr_line' id='line_1_1' title="bbox 475 225 1248 265; baseline 0.003 -2"><span class='ocrx_word' id='word_1_1' title='bbox 475 225 637 264; x_wconf 92' lang='lat' dir='ltr'>TITUS</span> <span class='ocrx_word' id='word_1_2' title='bbox 667 225 979 265; x_wconf 86' lang='lat' dir='ltr'>PETRONIUS</span> <span class='ocrx_word' id='word_1_3' title='bbox 1008 226 1248 265; x_wconf 87' lang='lat' dir='ltr'><strong>ARBITER</strong></span> 
     </span>
    </p>
   </div>
   <div class='ocr_carea' id='block_1_2' title="bbox 253 305 1467 954">
    <p class='ocr_par' dir='ltr' id='par_1_2' title="bbox 253 305 1467 954">
     <span class='ocr_line' id='line_1_2' title="bbox 253 305 1465 349; baseline 0.004 -6"><span class='ocrx_word' id='word_1_4' title='bbox 253 305 373 343; x_wconf 92' lang='lat' dir='ltr'><strong>diluo.</strong></span> <span class='ocrx_word' id='word_1_5' title='bbox 441 305 601 343; x_wconf 88' lang='lat' dir='ltr'><strong>Deinde</strong></span> <span class='ocrx_word' id='word_1_6' title='bbox 639 308 862 344; x_wconf 91' lang='lat' dir='ltr'><strong>convicium</strong></span> <span class='ocrx_word' id='word_1_7' title='bbox 899 319 1043 344; x_wconf 90' lang='lat' dir='ltr'><strong>verens</strong></span> <span class='ocrx_word' id='word_1_8' title='bbox 1079 306 1254 345; x_wconf 86' lang='lat' dir='ltr'><strong>abeundi</strong></span> <span class='ocrx_word' id='word_1_9' title='bbox 1301 307 1465 349; x_wconf 76' lang='lat' dir='ltr'><strong>formavi</strong></span> 
     </span>
     <span class='ocr_line' id='line_1_3' title="bbox 254 372 1463 423; baseline 0.005 -15"><span class='ocrx_word' id='word_1_10' title='bbox 254 372 475 419; x_wconf 92' lang='lat' dir='ltr'><strong>consilium,</strong></span> <span class='ocrx_word' id='word_1_11' title='bbox 490 372 739 418; x_wconf 88' lang='lat' dir='ltr'><strong>collectoque</strong></span> <span class='ocrx_word' id='word_1_12' title='bbox 759 372 870 410; x_wconf 84' lang='lat' dir='ltr'><strong>cultu</strong></span> <span class='ocrx_word' id='word_1_13' title='bbox 883 385 976 410; x_wconf 89' lang='lat' dir='ltr'><strong>meo</strong></span> <span class='ocrx_word' id='word_1_14' title='bbox 988 375 1047 411; x_wconf 91' lang='lat' dir='ltr'><strong>ire</strong></span> <span class='ocrx_word' id='word_1_15' title='bbox 1062 377 1175 410; x_wconf 81' lang='lat' dir='ltr'><strong>extra</strong></span> <span class='ocrx_word' id='word_1_16' title='bbox 1186 385 1316 411; x_wconf 82' lang='lat' dir='ltr'><strong>casam</strong></span> <span class='ocrx_word' id='word_1_17' title='bbox 1339 378 1463 423; x_wconf 84' lang='lat' dir='ltr'><strong>coepi.</strong></span> 
     </span>
     <span class='ocr_line' id='line_1_4' title="bbox 255 431 1467 485; baseline 0.002 -8"><span class='ocrx_word' id='word_1_18' title='bbox 255 439 439 477; x_wconf 86' lang='lat' dir='ltr'>Necdum</span> <span class='ocrx_word' id='word_1_19' title='bbox 471 431 765 485; x_wconf 80' lang='lat' dir='ltr'><strong>superaveram1</strong></span> <span class='ocrx_word' id='word_1_20' title='bbox 791 439 960 477; x_wconf 85' lang='lat' dir='ltr'><strong>cellulae</strong></span> <span class='ocrx_word' id='word_1_21' title='bbox 991 439 1129 485; x_wconf 89' lang='lat' dir='ltr'><strong>limen,</strong></span> <span class='ocrx_word' id='word_1_22' title='bbox 1158 453 1250 477; x_wconf 92' lang='lat' dir='ltr'><strong>cum</strong></span> <span class='ocrx_word' id='word_1_23' title='bbox 1280 442 1360 477; x_wconf 81' lang='lat' dir='ltr'><strong>anil</strong></span> <span class='ocrx_word' id='word_1_24' title='bbox 1369 442 1467 481; x_wconf 82' lang='lat' dir='ltr'><strong>nad-</strong></span> 
     </span>
     <span class='ocr_line' id='line_1_5' title="bbox 254 505 1464 553; baseline 0.001 -10"><span class='ocrx_word' id='word_1_25' title='bbox 254 511 367 544; x_wconf 88' lang='lat' dir='ltr'><strong>verto</strong></span> <span class='ocrx_word' id='word_1_26' title='bbox 393 505 648 544; x_wconf 81' lang='lat' dir='ltr'><strong>Oenotheam</strong></span> <span class='ocrx_word' id='word_1_27' title='bbox 675 518 766 543; x_wconf 92' lang='lat' dir='ltr'><strong>cum</strong></span> <span class='ocrx_word' id='word_1_28' title='bbox 794 511 901 544; x_wconf 84' lang='lat' dir='ltr'><strong>testo</strong></span> <span class='ocrx_word' id='word_1_29' title='bbox 927 508 1031 552; x_wconf 89' lang='lat' dir='ltr'><strong>ignis</strong></span> <span class='ocrx_word' id='word_1_30' title='bbox 1061 505 1182 553; x_wconf 90' lang='lat' dir='ltr'><strong>pleno</strong></span> <span class='ocrx_word' id='word_1_31' title='bbox 1211 509 1417 545; x_wconf 66' lang='lat' dir='ltr'><strong>veniente!</strong></span> <span class='ocrx_word' id='word_1_32' title='bbox 1439 536 1464 548; x_wconf 78' lang='grc'><strong>,.</strong></span> 
     </span>
     <span class='ocr_line' id='line_1_6' title="bbox 256 572 1456 620; baseline 0.003 -11"><span class='ocrx_word' id='word_1_33' title='bbox 256 573 411 610; x_wconf 85' lang='lat' dir='ltr'><strong>Reduxi</strong></span> <span class='ocrx_word' id='word_1_34' title='bbox 419 575 542 619; x_wconf 86' lang='lat' dir='ltr'><strong>igitur</strong></span> <span class='ocrx_word' id='word_1_35' title='bbox 549 572 717 618; x_wconf 81' lang='lat' dir='ltr'><strong>gradum</strong></span> <span class='ocrx_word' id='word_1_36' title='bbox 725 575 981 619; x_wconf 85' lang='lat' dir='ltr'><strong>proiectaque</strong></span> <span class='ocrx_word' id='word_1_37' title='bbox 989 578 1114 620; x_wconf 90' lang='lat' dir='ltr'><strong>veste,</strong></span> <span class='ocrx_word' id='word_1_38' title='bbox 1119 578 1310 620; x_wconf 79' lang='lat' dir='ltr'><strong>tanquam</strong></span> <span class='ocrx_word' id='word_1_39' title='bbox 1317 586 1456 620; x_wconf 85' lang='lat' dir='ltr'><strong>exspe-</strong></span> 
     </span>
     <span class='ocr_line' id='line_1_7' title="bbox 253 639 1455 687; baseline 0 -10"><span class='ocrx_word' id='word_1_40' title='bbox 253 645 406 678; x_wconf 86' lang='lat' dir='ltr'><strong>ctarem</strong></span> <span class='ocrx_word' id='word_1_41' title='bbox 419 644 657 685; x_wconf 79' lang='lat' dir='ltr'><strong>morantem,</strong></span> <span class='ocrx_word' id='word_1_42' title='bbox 672 642 715 676; x_wconf 91' lang='lat' dir='ltr'><strong>in</strong></span> <span class='ocrx_word' id='word_1_43' title='bbox 733 639 846 676; x_wconf 80' lang='lat' dir='ltr'><strong>aditu</strong></span> <span class='ocrx_word' id='word_1_44' title='bbox 859 642 966 677; x_wconf 89' lang='lat' dir='ltr'><strong>steti.</strong></span> <span class='ocrx_word' id='word_1_45' title='bbox 999 639 1216 678; x_wconf 80' lang='lat' dir='ltr'><strong>Collocavit</strong></span> <span class='ocrx_word' id='word_1_46' title='bbox 1233 639 1302 677; x_wconf 88' lang='lat' dir='ltr'><strong>illa</strong></span> <span class='ocrx_word' id='word_1_47' title='bbox 1319 642 1455 687; x_wconf 80' lang='lat' dir='ltr'><strong>ignem</strong></span> 
     </span>
     <span class='ocr_line' id='line_1_8' title="bbox 254 705 1456 754; baseline 0 -10"><span class='ocrx_word' id='word_1_48' title='bbox 254 708 372 744; x_wconf 87' lang='lat' dir='ltr'><strong>cassis</strong></span> <span class='ocrx_word' id='word_1_49' title='bbox 386 705 676 743; x_wconf 87' lang='lat' dir='ltr'><strong>harundinibus</strong></span> <span class='ocrx_word' id='word_1_50' title='bbox 696 705 923 752; x_wconf 90' lang='lat' dir='ltr'><strong>collectum,</strong></span> <span class='ocrx_word' id='word_1_51' title='bbox 939 708 1185 753; x_wconf 74' lang='lat' dir='ltr'><strong>ingestisque</strong></span> <span class='ocrx_word' id='word_1_52' title='bbox 1197 719 1316 754; x_wconf 89' lang='lat' dir='ltr'><strong>super</strong></span> <span class='ocrx_word' id='word_1_53' title='bbox 1333 706 1456 754; x_wconf 88' lang='lat' dir='ltr'><strong>pluri·</strong></span> 
     </span>
     <span class='ocr_line' id='line_1_9' title="bbox 254 772 1455 819; baseline 0 -8"><span class='ocrx_word' id='word_1_54' title='bbox 254 774 328 811; x_wconf 92' lang='lat' dir='ltr'><strong>bus</strong></span> <span class='ocrx_word' id='word_1_55' title='bbox 353 772 473 818; x_wconf 88' lang='lat' dir='ltr'><strong>lignis</strong></span> <span class='ocrx_word' id='word_1_56' title='bbox 499 785 687 810; x_wconf 87' lang='lat' dir='ltr'><strong>excusare</strong></span> <span class='ocrx_word' id='word_1_57' title='bbox 707 775 840 819; x_wconf 89' lang='lat' dir='ltr'><strong>coepit</strong></span> <span class='ocrx_word' id='word_1_58' title='bbox 859 785 1022 818; x_wconf 85' lang='lat' dir='ltr'><strong>moram,</strong></span> <span class='ocrx_word' id='word_1_59' title='bbox 1043 772 1150 819; x_wconf 90' lang='lat' dir='ltr'><strong>quod</strong></span> <span class='ocrx_word' id='word_1_60' title='bbox 1168 775 1295 810; x_wconf 84' lang='lat' dir='ltr'><strong>amica</strong></span> <span class='ocrx_word' id='word_1_61' title='bbox 1313 786 1356 811; x_wconf 91' lang='lat' dir='ltr'><strong>se</strong></span> <span class='ocrx_word' id='word_1_62' title='bbox 1374 786 1455 811; x_wconf 87' lang='lat' dir='ltr'><strong>non</strong></span> 
     </span>
     <span class='ocr_line' id='line_1_10' title="bbox 254 830 1454 887; baseline 0 -9"><span class='ocrx_word' id='word_1_63' title='bbox 254 841 470 878; x_wconf 81' lang='lat' dir='ltr'><strong>dimisisset</strong></span> <span class='ocrx_word' id='word_1_64' title='bbox 480 842 556 877; x_wconf 90' lang='lat' dir='ltr'><strong>nisi</strong></span> <span class='ocrx_word' id='word_1_65' title='bbox 570 840 697 877; x_wconf 88' lang='lat' dir='ltr'><strong>tribus</strong></span> <span class='ocrx_word' id='word_1_66' title='bbox 709 840 937 886; x_wconf 88' lang='lat' dir='ltr'><strong>potionibus</strong></span> <span class='ocrx_word' id='word_1_67' title='bbox 949 852 972 877; x_wconf 91' lang='lat' dir='ltr'><strong>e</strong></span> <span class='ocrx_word' id='word_1_68' title='bbox 983 839 1076 886; x_wconf 85' lang='lat' dir='ltr'><strong>lege</strong></span> <span class='ocrx_word' id='word_1_69' title='bbox 1088 842 1253 878; x_wconf 85' lang='lat' dir='ltr'><strong>siccatis.</strong></span> <span class='ocrx_word' id='word_1_70' title='bbox 1285 830 1454 887; x_wconf 83' lang='lat' dir='ltr'><strong>“Quid’&#39;</strong></span> 
     </span>
     <span class='ocr_line' id='line_1_11' title="bbox 255 896 1457 954; baseline 0 -9"><span class='ocrx_word' id='word_1_71' title='bbox 255 920 372 954; x_wconf 89' lang='lat' dir='ltr'><strong>porro</strong></span> <span class='ocrx_word' id='word_1_72' title='bbox 397 897 509 944; x_wconf 77' lang='lat' dir='ltr'><strong>“tu”</strong></span> <span class='ocrx_word' id='word_1_73' title='bbox 542 909 674 952; x_wconf 91' lang='lat' dir='ltr'><strong>inquit</strong></span> <span class='ocrx_word' id='word_1_74' title='bbox 699 896 802 944; x_wconf 84' lang='lat' dir='ltr'><strong>“me</strong></span> <span class='ocrx_word' id='word_1_75' title='bbox 828 906 996 944; x_wconf 86' lang='lat' dir='ltr'><strong>absente</strong></span> <span class='ocrx_word' id='word_1_76' title='bbox 1026 905 1171 953; x_wconf 79' lang='lat' dir='ltr'><strong>fecisti,</strong></span> <span class='ocrx_word' id='word_1_77' title='bbox 1199 911 1270 944; x_wconf 84' lang='lat' dir='ltr'><strong>aut</strong></span> <span class='ocrx_word' id='word_1_78' title='bbox 1298 907 1368 944; x_wconf 90' lang='lat' dir='ltr'><strong>ubi</strong></span> <span class='ocrx_word' id='word_1_79' title='bbox 1396 911 1457 945; x_wconf 83' lang='lat' dir='ltr'><strong>est</strong></span> 
     </span>
    </p>
   </div>
   <div class='ocr_carea' id='block_1_3' title="bbox 255 973 1534 1020">
    <p class='ocr_par' dir='ltr' id='par_1_3' title="bbox 255 973 1534 1020">
     <span class='ocr_line' id='line_1_12' title="bbox 255 973 1534 1020; baseline 0 -8"><span class='ocrx_word' id='word_1_80' title='bbox 255 974 411 1012; x_wconf 85' lang='lat' dir='ltr'><strong>faba?”</strong></span> <span class='ocrx_word' id='word_1_81' title='bbox 460 974 560 1020; x_wconf 90' lang='lat' dir='ltr'><strong>Ego,</strong></span> <span class='ocrx_word' id='word_1_82' title='bbox 591 976 659 1020; x_wconf 93' lang='lat' dir='ltr'><strong>qui</strong></span> <span class='ocrx_word' id='word_1_83' title='bbox 696 978 930 1020; x_wconf 88' lang='lat' dir='ltr'><strong>putaveram</strong></span> <span class='ocrx_word' id='word_1_84' title='bbox 962 986 1028 1011; x_wconf 92' lang='lat' dir='ltr'><strong>me</strong></span> <span class='ocrx_word' id='word_1_85' title='bbox 1065 986 1151 1012; x_wconf 91' lang='lat' dir='ltr'><strong>rem</strong></span> <span class='ocrx_word' id='word_1_86' title='bbox 1187 973 1306 1012; x_wconf 90' lang='lat' dir='ltr'><strong>laude</strong></span> <span class='ocrx_word' id='word_1_87' title='bbox 1336 977 1456 1012; x_wconf 79' lang='lat' dir='ltr'><strong>etiam</strong></span> <span class='ocrx_word' id='word_1_88' title='bbox 1528 975 1534 978; x_wconf 65' lang='grc'><strong><em>’</em></strong></span> 
     </span>
    </p>
   </div>
   <div class='ocr_carea' id='block_1_4' title="bbox 154 1040 1512 2065">
    <p class='ocr_par' dir='ltr' id='par_1_4' title="bbox 154 1040 1512 2065">
     <span class='ocr_line' id='line_1_13' title="bbox 256 1040 1456 1088; baseline 0.001 -10"><span class='ocrx_word' id='word_1_89' title='bbox 256 1041 420 1088; x_wconf 85' lang='lat' dir='ltr'><strong>dignam</strong></span> <span class='ocrx_word' id='word_1_90' title='bbox 438 1040 593 1087; x_wconf 87' lang='lat' dir='ltr'><strong>fecisse,</strong></span> <span class='ocrx_word' id='word_1_91' title='bbox 613 1040 752 1078; x_wconf 86' lang='lat' dir='ltr'><strong>ordine</strong></span> <span class='ocrx_word' id='word_1_92' title='bbox 778 1040 836 1077; x_wconf 89' lang='lat' dir='ltr'><strong>illi</strong></span> <span class='ocrx_word' id='word_1_93' title='bbox 858 1045 990 1078; x_wconf 82' lang='lat' dir='ltr'><strong>totum</strong></span> <span class='ocrx_word' id='word_1_94' title='bbox 1009 1040 1204 1087; x_wconf 92' lang='lat' dir='ltr'><strong>proelium</strong></span> <span class='ocrx_word' id='word_1_95' title='bbox 1223 1044 1399 1088; x_wconf 86' lang='lat' dir='ltr'><strong>exposui,</strong></span> <span class='ocrx_word' id='word_1_96' title='bbox 1415 1046 1456 1079; x_wconf 78' lang='lat' dir='ltr'><strong>et</strong></span> 
     </span>
     <span class='ocr_line' id='line_1_14' title="bbox 255 1107 1455 1154; baseline 0.001 -9"><span class='ocrx_word' id='word_1_97' title='bbox 255 1121 308 1146; x_wconf 92' lang='lat' dir='ltr'><strong>ne</strong></span> <span class='ocrx_word' id='word_1_98' title='bbox 336 1107 486 1145; x_wconf 85' lang='lat' dir='ltr'><strong>diutius</strong></span> <span class='ocrx_word' id='word_1_99' title='bbox 514 1110 640 1145; x_wconf 84' lang='lat' dir='ltr'><strong>tristis</strong></span> <span class='ocrx_word' id='word_1_100' title='bbox 669 1112 787 1153; x_wconf 87' lang='lat' dir='ltr'><strong>esset,</strong></span> <span class='ocrx_word' id='word_1_101' title='bbox 808 1110 984 1145; x_wconf 86' lang='lat' dir='ltr'><strong>iacturae</strong></span> <span class='ocrx_word' id='word_1_102' title='bbox 1013 1109 1247 1154; x_wconf 88' lang='lat' dir='ltr'><strong>pensionem</strong></span> <span class='ocrx_word' id='word_1_103' title='bbox 1273 1120 1455 1146; x_wconf 83' lang='lat' dir='ltr'><strong>anserem</strong></span> 
     </span>
     <span class='ocr_line' id='line_1_15' title="bbox 166 1165 1455 1221; baseline -0.002 -7"><span class='ocrx_word' id='word_1_104' title='bbox 166 1175 238 1214; x_wconf 91' lang='lat' dir='ltr'><strong>LO</strong></span> <span class='ocrx_word' id='word_1_105' title='bbox 256 1175 395 1213; x_wconf 83' lang='lat' dir='ltr'><strong>obtuli.</strong></span> <span class='ocrx_word' id='word_1_106' title='bbox 427 1174 560 1221; x_wconf 85' lang='lat' dir='ltr'><strong>Quem</strong></span> <span class='ocrx_word' id='word_1_107' title='bbox 593 1165 598 1220; x_wconf 86' lang='grc' dir='ltr'>Ι</span> <span class='ocrx_word' id='word_1_108' title='bbox 629 1187 728 1212; x_wconf 85' lang='lat' dir='ltr'><strong>anus</strong></span> <span class='ocrx_word' id='word_1_109' title='bbox 747 1179 794 1211; x_wconf 88' lang='lat' dir='ltr'><strong>ut</strong></span> <span class='ocrx_word' id='word_1_110' title='bbox 808 1174 921 1220; x_wconf 85' lang='lat' dir='ltr'><strong>vidit,</strong></span> <span class='ocrx_word' id='word_1_111' title='bbox 936 1180 1020 1211; x_wconf 89' lang='lat' dir='ltr'><strong>tam</strong></span> <span class='ocrx_word' id='word_1_112' title='bbox 1033 1187 1224 1221; x_wconf 85' lang='lat' dir='ltr'><strong>magnum</strong></span> <span class='ocrx_word' id='word_1_113' title='bbox 1237 1187 1365 1221; x_wconf 88' lang='lat' dir='ltr'><strong>aeque</strong></span> <span class='ocrx_word' id='word_1_114' title='bbox 1377 1175 1455 1212; x_wconf 80' lang='lat' dir='ltr'><strong>cla-</strong></span> 
     </span>
     <span class='ocr_line' id='line_1_16' title="bbox 255 1241 1454 1288; baseline 0 -8"><span class='ocrx_word' id='word_1_115' title='bbox 255 1255 408 1280; x_wconf 89' lang='lat' dir='ltr'><strong>morem</strong></span> <span class='ocrx_word' id='word_1_116' title='bbox 449 1241 622 1287; x_wconf 86' lang='lat' dir='ltr'><strong>sustulit,</strong></span> <span class='ocrx_word' id='word_1_117' title='bbox 660 1246 707 1279; x_wconf 90' lang='lat' dir='ltr'><strong>ut</strong></span> <span class='ocrx_word' id='word_1_118' title='bbox 744 1246 905 1288; x_wconf 86' lang='lat' dir='ltr'><strong>putares</strong></span> <span class='ocrx_word' id='word_1_119' title='bbox 947 1244 1093 1279; x_wconf 87' lang='lat' dir='ltr'><strong>iterum</strong></span> <span class='ocrx_word' id='word_1_120' title='bbox 1135 1253 1296 1279; x_wconf 86' lang='lat' dir='ltr'><strong>anseres</strong></span> <span class='ocrx_word' id='word_1_121' title='bbox 1331 1241 1454 1281; x_wconf 88' lang='lat' dir='ltr'><strong>limen</strong></span> 
     </span>
     <span class='ocr_line' id='line_1_17' title="bbox 255 1307 1512 1364; baseline -0.002 -17"><span class='ocrx_word' id='word_1_122' title='bbox 255 1313 434 1347; x_wconf 83' lang='lat' dir='ltr'><strong>intrasse.</strong></span> <span class='ocrx_word' id='word_1_123' title='bbox 480 1308 675 1346; x_wconf 89' lang='lat' dir='ltr'><strong>Confusus</strong></span> <span class='ocrx_word' id='word_1_124' title='bbox 694 1311 830 1354; x_wconf 86' lang='lat' dir='ltr'><strong>itaque</strong></span> <span class='ocrx_word' id='word_1_125' title='bbox 850 1313 893 1364; x_wconf 86' lang='lat' dir='ltr'><strong>et</strong></span> <span class='ocrx_word' id='word_1_126' title='bbox 910 1311 1090 1346; x_wconf 88' lang='lat' dir='ltr'><strong>novitate</strong></span> <span class='ocrx_word' id='word_1_127' title='bbox 1108 1307 1292 1346; x_wconf 88' lang='lat' dir='ltr'><strong>facinoris</strong></span> <span class='ocrx_word' id='word_1_128' title='bbox 1309 1311 1456 1346; x_wconf 81' lang='lat' dir='ltr'><strong>attoni·</strong></span> <span class='ocrx_word' id='word_1_129' title='bbox 1509 1348 1512 1350; x_wconf 51' lang='grc'>,</span> 
     </span>
     <span class='ocr_line' id='line_1_18' title="bbox 154 1374 1458 1423; baseline -0.002 -8"><span class='ocrx_word' id='word_1_130' title='bbox 154 1380 226 1419; x_wconf 86' lang='grc'><strong>137</strong></span> <span class='ocrx_word' id='word_1_131' title='bbox 256 1382 322 1415; x_wconf 86' lang='lat' dir='ltr'><strong>tus</strong></span> <span class='ocrx_word' id='word_1_132' title='bbox 347 1376 600 1423; x_wconf 87' lang='lat' dir='ltr'><strong>quaerebam,</strong></span> <span class='ocrx_word' id='word_1_133' title='bbox 627 1375 724 1421; x_wconf 91' lang='lat' dir='ltr'><strong>quid</strong></span> <span class='ocrx_word' id='word_1_134' title='bbox 750 1374 1041 1421; x_wconf 79' lang='lat' dir='ltr'><strong>excanduisset,</strong></span> <span class='ocrx_word' id='word_1_135' title='bbox 1067 1380 1138 1412; x_wconf 87' lang='lat' dir='ltr'><strong>aut</strong></span> <span class='ocrx_word' id='word_1_136' title='bbox 1162 1388 1283 1421; x_wconf 86' lang='lat' dir='ltr'><strong>quare</strong></span> <span class='ocrx_word' id='word_1_137' title='bbox 1307 1378 1458 1414; x_wconf 84' lang='lat' dir='ltr'><strong>anseris</strong></span> 
     </span>
     <span class='ocr_line' id='line_1_19' title="bbox 257 1440 1458 1490; baseline -0.001 -10"><span class='ocrx_word' id='word_1_138' title='bbox 257 1446 389 1490; x_wconf 88' lang='lat' dir='ltr'><strong>potius</strong></span> <span class='ocrx_word' id='word_1_139' title='bbox 438 1455 557 1488; x_wconf 88' lang='lat' dir='ltr'><strong>quam</strong></span> <span class='ocrx_word' id='word_1_140' title='bbox 601 1444 681 1478; x_wconf 91' lang='lat' dir='ltr'><strong>mei</strong></span> <span class='ocrx_word' id='word_1_141' title='bbox 718 1444 984 1478; x_wconf 81' lang='lat' dir='ltr'><strong>misereretur.</strong></span> <span class='ocrx_word' id='word_1_142' title='bbox 1050 1440 1108 1479; x_wconf 80' lang='lat' dir='ltr'><strong>At</strong></span> <span class='ocrx_word' id='word_1_143' title='bbox 1144 1441 1213 1478; x_wconf 86' lang='lat' dir='ltr'><strong>illa</strong></span> <span class='ocrx_word' id='word_1_144' title='bbox 1249 1441 1458 1488; x_wconf 82' lang='lat' dir='ltr'><strong>complosis</strong></span> 
     </span>
     <span class='ocr_line' id='line_1_20' title="bbox 256 1498 1457 1554; baseline -0.002 -6"><span class='ocrx_word' id='word_1_145' title='bbox 256 1510 438 1548; x_wconf 87' lang='lat' dir='ltr'><strong>manibus</strong></span> <span class='ocrx_word' id='word_1_146' title='bbox 463 1499 731 1546; x_wconf 79' lang='lat' dir='ltr'><strong>“Scelerate”</strong></span> <span class='ocrx_word' id='word_1_147' title='bbox 757 1510 889 1554; x_wconf 85' lang='lat' dir='ltr'><strong>inquit</strong></span> <span class='ocrx_word' id='word_1_148' title='bbox 910 1498 934 1515; x_wconf 82' lang='lat'><strong>“</strong></span> <span class='ocrx_word' id='word_1_149' title='bbox 947 1510 1068 1545; x_wconf 86' lang='lat' dir='ltr'><strong>etiam</strong></span> <span class='ocrx_word' id='word_1_150' title='bbox 1087 1507 1282 1553; x_wconf 86' lang='lat' dir='ltr'><strong>loqueris?</strong></span> <span class='ocrx_word' id='word_1_151' title='bbox 1318 1507 1457 1546; x_wconf 83' lang='lat' dir='ltr'><strong>Nescis</strong></span> 
     </span>
     <span class='ocr_line' id='line_1_21' title="bbox 257 1574 1457 1624; baseline -0.002 -10"><span class='ocrx_word' id='word_1_152' title='bbox 257 1589 377 1624; x_wconf 87' lang='lat' dir='ltr'><strong>quam</strong></span> <span class='ocrx_word' id='word_1_153' title='bbox 413 1588 603 1621; x_wconf 88' lang='lat' dir='ltr'><strong>magnum</strong></span> <span class='ocrx_word' id='word_1_154' title='bbox 632 1574 827 1620; x_wconf 86' lang='lat' dir='ltr'><strong>flagitium</strong></span> <span class='ocrx_word' id='word_1_155' title='bbox 855 1574 1079 1611; x_wconf 85' lang='lat' dir='ltr'><strong>admiseris:</strong></span> <span class='ocrx_word' id='word_1_156' title='bbox 1117 1574 1297 1612; x_wconf 82' lang='lat' dir='ltr'><strong>occidisti</strong></span> <span class='ocrx_word' id='word_1_157' title='bbox 1327 1574 1457 1622; x_wconf 84' lang='lat' dir='ltr'><strong>Priapi</strong></span> 
     </span>
     <span class='ocr_line' id='line_1_22' title="bbox 256 1641 1452 1689; baseline -0.002 -8"><span class='ocrx_word' id='word_1_158' title='bbox 256 1643 432 1689; x_wconf 81' lang='lat' dir='ltr'><strong>delicias,</strong></span> <span class='ocrx_word' id='word_1_159' title='bbox 462 1654 645 1679; x_wconf 84' lang='lat' dir='ltr'><strong>anserem</strong></span> <span class='ocrx_word' id='word_1_160' title='bbox 678 1641 861 1678; x_wconf 91' lang='lat' dir='ltr'><strong>omnibus</strong></span> <span class='ocrx_word' id='word_1_161' title='bbox 898 1643 1089 1678; x_wconf 81' lang='lat' dir='ltr'><strong>matronis</strong></span> <span class='ocrx_word' id='word_1_162' title='bbox 1124 1643 1452 1687; x_wconf 87' lang='lat' dir='ltr'><strong>acceptissimum.</strong></span> 
     </span>
     <span class='ocr_line' id='line_1_23' title="bbox 258 1707 1455 1756; baseline -0.003 -8"><span class='ocrx_word' id='word_1_163' title='bbox 258 1710 400 1756; x_wconf 89' lang='lat' dir='ltr'><strong>Itaque</strong></span> <span class='ocrx_word' id='word_1_164' title='bbox 433 1722 486 1747; x_wconf 91' lang='lat' dir='ltr'><strong>ne</strong></span> <span class='ocrx_word' id='word_1_165' title='bbox 518 1713 562 1746; x_wconf 85' lang='lat' dir='ltr'><strong>te</strong></span> <span class='ocrx_word' id='word_1_166' title='bbox 592 1712 710 1755; x_wconf 83' lang='lat' dir='ltr'><strong>putes</strong></span> <span class='ocrx_word' id='word_1_167' title='bbox 747 1707 848 1744; x_wconf 92' lang='lat' dir='ltr'><strong>nihil</strong></span> <span class='ocrx_word' id='word_1_168' title='bbox 877 1709 1019 1753; x_wconf 85' lang='lat' dir='ltr'><strong>egisse,</strong></span> <span class='ocrx_word' id='word_1_169' title='bbox 1039 1709 1072 1744; x_wconf 93' lang='lat' dir='ltr'><strong>si</strong></span> <span class='ocrx_word' id='word_1_170' title='bbox 1098 1709 1352 1752; x_wconf 85' lang='lat' dir='ltr'><strong>magistratus</strong></span> <span class='ocrx_word' id='word_1_171' title='bbox 1379 1707 1455 1745; x_wconf 89' lang='lat' dir='ltr'><strong>hoc</strong></span> 
     </span>
     <span class='ocr_line' id='line_1_24' title="bbox 264 1769 1455 1818; baseline -0.004 -7"><span class='ocrx_word' id='word_1_172' title='bbox 264 1776 440 1818; x_wconf 84' lang='lat' dir='ltr'><strong>scierint,</strong></span> <span class='ocrx_word' id='word_1_173' title='bbox 453 1773 527 1809; x_wconf 91' lang='lat' dir='ltr'><strong>ibis</strong></span> <span class='ocrx_word' id='word_1_174' title='bbox 540 1775 582 1809; x_wconf 89' lang='lat' dir='ltr'><strong>in</strong></span> <span class='ocrx_word' id='word_1_175' title='bbox 598 1784 766 1808; x_wconf 88' lang='lat' dir='ltr'><strong>crucem.</strong></span> <span class='ocrx_word' id='word_1_176' title='bbox 812 1770 992 1807; x_wconf 91' lang='lat' dir='ltr'><strong>Polluisti</strong></span> <span class='ocrx_word' id='word_1_177' title='bbox 1004 1772 1198 1816; x_wconf 87' lang='lat' dir='ltr'><strong>sanguine</strong></span> <span class='ocrx_word' id='word_1_178' title='bbox 1212 1769 1455 1807; x_wconf 81' lang='lat' dir='ltr'><strong>domicilium</strong></span> 
     </span>
     <span class='ocr_line' id='line_1_25' title="bbox 257 1824 1456 1880; baseline -0.003 -6"><span class='ocrx_word' id='word_1_179' title='bbox 257 1824 393 1874; x_wconf 86' lang='lat' dir='ltr'><strong>meum</strong></span> <span class='ocrx_word' id='word_1_180' title='bbox 415 1840 512 1873; x_wconf 85' lang='lat' dir='ltr'><strong>ante</strong></span> <span class='ocrx_word' id='word_1_181' title='bbox 537 1835 645 1872; x_wconf 92' lang='lat' dir='ltr'><strong>hunc</strong></span> <span class='ocrx_word' id='word_1_182' title='bbox 672 1834 780 1871; x_wconf 89' lang='lat' dir='ltr'><strong>diem</strong></span> <span class='ocrx_word' id='word_1_183' title='bbox 802 1833 1049 1879; x_wconf 89' lang='lat' dir='ltr'><strong>inviolatum,</strong></span> <span class='ocrx_word' id='word_1_184' title='bbox 1070 1833 1280 1879; x_wconf 87' lang='lat' dir='ltr'><strong>fecistique</strong></span> <span class='ocrx_word' id='word_1_185' title='bbox 1306 1837 1353 1870; x_wconf 84' lang='lat' dir='ltr'><strong>ut</strong></span> <span class='ocrx_word' id='word_1_186' title='bbox 1376 1845 1456 1880; x_wconf 85' lang='lat' dir='ltr'><strong>me,</strong></span> 
     </span>
     <span class='ocr_line' id='line_1_26' title="bbox 257 1895 1344 1947; baseline -0.005 -10"><span class='ocrx_word' id='word_1_187' title='bbox 257 1901 434 1947; x_wconf 81' lang='lat' dir='ltr'><strong>quisquis</strong></span> <span class='ocrx_word' id='word_1_188' title='bbox 453 1898 624 1936; x_wconf 83' lang='lat' dir='ltr'><strong>voluerit</strong></span> <span class='ocrx_word' id='word_1_189' title='bbox 642 1899 837 1942; x_wconf 88' lang='lat' dir='ltr'><strong>inimicus,</strong></span> <span class='ocrx_word' id='word_1_190' title='bbox 853 1896 1073 1933; x_wconf 85' lang='lat' dir='ltr'><strong>sacerdotio</strong></span> <span class='ocrx_word' id='word_1_191' title='bbox 1088 1895 1251 1942; x_wconf 88' lang='lat' dir='ltr'><strong>pellat.”</strong></span> <span class='ocrx_word' id='word_1_192' title='bbox 1273 1924 1281 1933; x_wconf 94' lang='lat'>.</span> <span class='ocrx_word' id='word_1_193' title='bbox 1304 1924 1313 1933; x_wconf 85' lang='lat'><strong>.</strong></span> <span class='ocrx_word' id='word_1_194' title='bbox 1335 1924 1344 1933; x_wconf 90' lang='lat'>.</span> 
     </span>
     <span class='ocr_line' id='line_1_27' title="bbox 203 1951 1455 2008; baseline -0.003 -9"><span class='ocrx_word' id='word_1_195' title='bbox 203 1963 239 2002; x_wconf 91' lang='lat' dir='ltr'><em>L</em></span> <span class='ocrx_word' id='word_1_196' title='bbox 329 1953 336 2008; x_wconf 87' lang='grc' dir='ltr'>Ι</span> <span class='ocrx_word' id='word_1_197' title='bbox 368 1952 393 1970; x_wconf 83' lang='grc'><strong>“</strong></span> <span class='ocrx_word' id='word_1_198' title='bbox 403 1961 543 2007; x_wconf 89' lang='lat' dir='ltr'><strong>Rogo&#39;&#39;</strong></span> <span class='ocrx_word' id='word_1_199' title='bbox 554 1963 715 2006; x_wconf 88' lang='lat' dir='ltr'><strong>inquam</strong></span> <span class='ocrx_word' id='word_1_200' title='bbox 725 1951 839 1996; x_wconf 84' lang='lat' dir='ltr'><strong>“noli</strong></span> <span class='ocrx_word' id='word_1_201' title='bbox 852 1959 1041 1996; x_wconf 86' lang='lat' dir='ltr'><strong>clamare:</strong></span> <span class='ocrx_word' id='word_1_202' title='bbox 1062 1971 1138 2006; x_wconf 89' lang='lat' dir='ltr'><strong>ego</strong></span> <span class='ocrx_word' id='word_1_203' title='bbox 1149 1959 1222 1999; x_wconf 89' lang='lat' dir='ltr'><strong>tibi</strong></span> <span class='ocrx_word' id='word_1_204' title='bbox 1234 1971 1306 2005; x_wconf 89' lang='lat' dir='ltr'><strong>pro</strong></span> <span class='ocrx_word' id='word_1_205' title='bbox 1317 1971 1455 1996; x_wconf 85' lang='lat' dir='ltr'><strong>ansere</strong></span> 
     </span>
     <span class='ocr_line' id='line_1_28' title="bbox 256 2022 922 2065; baseline -0.006 -1"><span class='ocrx_word' id='word_1_206' title='bbox 256 2023 613 2065; x_wconf 83' lang='lat' dir='ltr'><strong>struthocamelum</strong></span> <span class='ocrx_word' id='word_1_207' title='bbox 631 2022 828 2061; x_wconf 89' lang='lat' dir='ltr'><strong>reddam’&#39;</strong></span> <span class='ocrx_word' id='word_1_208' title='bbox 850 2050 859 2060; x_wconf 92' lang='lat'><strong><em>.</em></strong></span> <span class='ocrx_word' id='word_1_209' title='bbox 882 2050 891 2060; x_wconf 93' lang='lat'>.</span> <span class='ocrx_word' id='word_1_210' title='bbox 914 2050 922 2060; x_wconf 89' lang='lat'><strong>.</strong></span> 
     </span>
    </p>
   </div>
   <div class='ocr_carea' id='block_1_5' title="bbox 341 2121 1357 2166">
    <p class='ocr_par' dir='ltr' id='par_1_5' title="bbox 341 2121 1357 2166">
     <span class='ocr_line' id='line_1_29' title="bbox 341 2121 1357 2166; baseline -0.004 -9"><span class='ocrx_word' id='word_1_211' title='bbox 341 2123 354 2143; x_wconf 80' lang='lat'>²</span> <span class='ocrx_word' id='word_1_212' title='bbox 362 2133 618 2166; x_wconf 74' lang='lat' dir='ltr'><strong>superaveram</strong></span> <span class='ocrx_word' id='word_1_213' title='bbox 637 2122 835 2154; x_wconf 83' lang='lat' dir='ltr'><strong>Turnebus:</strong></span> <span class='ocrx_word' id='word_1_214' title='bbox 849 2121 1083 2153; x_wconf 85' lang='lat' dir='ltr'><strong>liberaveram</strong></span> <span class='ocrx_word' id='word_1_215' title='bbox 1100 2132 1140 2153; x_wconf 84' lang='lat' dir='ltr'><strong>or</strong></span> <span class='ocrx_word' id='word_1_216' title='bbox 1151 2121 1357 2153; x_wconf 87' lang='lat' dir='ltr'><strong>libaveram.</strong></span> 
     </span>
    </p>
   </div>
   <div class='ocr_carea' id='block_1_6' title="bbox 366 2179 444 2213">
    <p class='ocr_par' dir='ltr' id='par_1_6' title="bbox 366 2179 444 2213">
     <span class='ocr_line' id='line_1_30' title="bbox 366 2179 444 2213; baseline -0.013 0"><span class='ocrx_word' id='word_1_217' title='bbox 366 2179 444 2213; x_wconf 81' lang='lat'><strong>808</strong></span> 
     </span>
    </p>
   </div>
  </div>
 </body>
</html>
