1500 2470
410 211 571 250 TITUS
604 213 915 252 PETRONIUS
945 213 1185 251 ARBITER

189 289 371 328 hercules
391 290 512 329 hodie
532 292 699 330 buccam
719 295 832 339 panis
851 295 1032 331 invenire
1052 297 1175 340 potui.
1223 293 1277 331 Et
1295 305 1393 340 quo-

188 353 307 391 modo
336 357 492 392 siccitas
522 361 762 402 perseverat.
817 356 902 393 Iam
931 370 1082 394 annum
1111 360 1274 395 esuritio
1303 356 1390 395 fuit.

188 417 353 455 Aediles
383 418 488 455 male
520 422 692 464 eveniat,
720 421 788 465 qui
819 433 910 457 cum
941 421 1154 466 pistoribus
1185 420 1394 458 colludunt

189 471 330 518 ‘Serva
367 494 445 528 me,
486 483 651 519 servabo
689 482 764 520 te.'
816 482 958 529 Itaque
999 483 1169 530 populus
1214 485 1393 521 minutus

186 543 360 588 laborat;
389 558 482 582 nam
509 548 575 582 isti
595 548 763 582 maiores
783 546 968 583 maxillae
989 559 1147 594 semper
1168 546 1393 585 Saturnalia

185 613 323 653 agunt.
354 607 391 646 O
405 611 437 645 si
450 608 688 646 haberemus
701 609 788 646 illos
802 609 952 655 leones,
966 623 1064 656 quos
1077 623 1153 656 ego
1165 610 1230 648 hic
1243 611 1391 656 inveni,

186 684 277 709 cum
304 674 475 718 primum
503 685 551 709 ex
578 672 674 710 Asia
693 676 795 710 veni.
849 673 954 710 Illud
983 678 1070 711 erat
1088 677 1232 711 vivere.
1254 673 1392 712 Simila

187 737 219 771 si
250 734 408 780 siligine
439 735 604 772 inferior
635 729 769 781 esset,¹
790 735 918 773 laruas
949 739 1005 774 sic
1031 739 1127 774 istos
1162 736 1390 783 percolopa-

187 798 298 844 bant,
320 803 366 835 ut
386 798 462 836 illis
485 798 639 845 Iupiter
659 801 782 836 iratus
803 804 919 836 esset.
971 790 1087 846 [Sed]
1109 802 1274 837 memini
1295 799 1390 838 Safi-

186 864 317 899 nium:
346 866 444 899 tune
473 861 681 899 habitabat
708 862 760 899 ad
789 876 923 900 arcum
945 868 1138 909 veterem,
1159 876 1224 900 me
1253 875 1390 910 puero,

187 927 312 971 piper,
329 938 410 961 non
431 924 560 962 homo.
595 925 633 962 Is
653 938 891 972 quacunque
907 927 1003 972 ibat,
1019 931 1168 964 terram
1183 925 1384 964 adurebat.

187 987 267 1026 Sed
296 993 442 1033 rectus,
464 988 535 1025 sed
564 994 710 1034 certus,
731 992 879 1026 amicus
899 992 1039 1035 amico,
1060 1002 1152 1027 cum
1172 1003 1250 1036 quo
1269 989 1385 1027 auda-

186 1056 272 1088 cter
280 1064 415 1097 posses
428 1054 470 1088 in
479 1052 657 1088 tenebris
673 1055 830 1089 micare.
855 1052 903 1088 In
919 1055 1027 1089 curia
1041 1057 1177 1090 autem
1191 1052 1386 1099 quomodo

186 1115 363 1160 singulos
389 1106 487 1160 [vel]
512 1115 663 1161 pilabat
684 1106 929 1161 [tractabat],
950 1128 1026 1152 nee
1053 1115 1233 1153 schemas
1254 1116 1390 1162 loque-

185 1179 302 1215 batur
313 1178 384 1215 sed
397 1172 636 1215 derectum.2
663 1178 761 1215 Cum
774 1184 913 1224 ageret
925 1192 1041 1225 porro
1053 1182 1095 1216 in
1107 1179 1205 1226 foro,
1219 1182 1274 1217 sic
1286 1179 1390 1217 illius

185 1254 259 1279 vox
291 1241 496 1278 crescebat
524 1246 715 1287 tanquam
744 1242 850 1278 tuba.
918 1242 1002 1278 Nec
1030 1242 1188 1280 sudavit
1214 1256 1388 1289 unquam

185 1317 260 1342 nec
281 1307 434 1351 expuit,
454 1309 553 1351 puto
574 1298 689 1341 eum³
716 1308 851 1342 nescio
878 1305 974 1351 quid
1005 1305 1161 1343 Asiadis
1191 1305 1383 1344 habuisse,

186 1367 239 1405 Et
251 1380 370 1414 quam
383 1367 581 1412 benignus
595 1367 825 1414 resalutare,
838 1370 1000 1405 nomina
1012 1371 1189 1405 omnium
1204 1368 1386 1416 reddere,

185 1435 376 1477 tanquam
405 1443 508 1467 unus
536 1430 588 1467 de
618 1431 742 1468 nobis.
798 1430 939 1476 Itaque
968 1430 1037 1467 illo
1063 1435 1244 1477 tempore
1263 1444 1387 1468 anno-

184 1507 235 1533 na
269 1507 340 1540 pro
371 1494 457 1531 luto
491 1499 586 1531 erat.
637 1494 738 1531 Asse
769 1507 914 1540 panem
946 1507 1066 1540 quem
1098 1497 1273 1540 emisses,
1306 1508 1385 1532 non

184 1560 380 1604 potuisses
400 1569 490 1593 cum
510 1557 636 1594 altera
656 1556 856 1593 devorare.
904 1557 1021 1594 Nunc
1041 1557 1200 1594 oculum
1221 1557 1386 1595 bublum

184 1620 264 1657 vidi
280 1622 481 1656 maiorem.
515 1620 610 1656 Heu
631 1619 724 1665 heu,
741 1620 920 1665 quotidie
940 1623 1063 1666 peius.
1098 1621 1212 1656 Haec
1233 1620 1386 1657 colonia

183 1688 427 1720 retroversus
441 1685 583 1719 crescit
595 1687 786 1728 tanquam
799 1682 897 1719 coda
909 1682 1033 1719 vituli.
1064 1682 1144 1720 Sed
1157 1695 1277 1728 quare
1290 1677 1385 1720 nos⁴

183 1746 375 1783 habemus
406 1744 579 1782 aedilem
611 1747 732 1782 trium
762 1748 1003 1790 cauniarum,
1035 1747 1102 1791 qui
1131 1745 1205 1782 sibi
1234 1745 1386 1783 mavult

181 1822 310 1846 assem
329 1821 448 1854 quam
466 1811 587 1845 vitam
606 1808 806 1844 nostram?
829 1807 970 1853 Itaque
991 1807 1097 1844 dorni
1117 1807 1280 1853 gaudet,
1295 1808 1384 1854 plus

181 1874 224 1908 in
254 1870 320 1907 die
350 1882 604 1906 nummorum
633 1871 790 1915 accipit,
820 1882 938 1914 quam
969 1869 1072 1906 alter
1100 1872 1383 1915 patrimonium

227 1933 369 1964 ¹Simila
386 1933 415 1964 si
432 1932 573 1973 siligine
594 1932 738 1963 inferior
761 1936 856 1963 esset
882 1932 1095 1964 Buecheler:
1118 1933 1246 1964 similia
1271 1933 1383 1965 sicilia

183 1976 368 2008 interiores
384 1979 429 2007 et.

224 2018 428 2050 ‘2derectum
444 2018 570 2050 Reiske
581 2029 593 2049 .·
617 2017 794 2049 dilectum.

225 2061 327 2095 ⁸eum
348 2062 610 2093 Tilebomenus:
632 2061 736 2092 enim.

225 2104 314 2137 ⁴nos
334 2105 574 2137 Tilebomenus
584 2115 596 2135 .·
619 2114 700 2135 non.

292 2158 343 2196 72
