1534 2470
121 611 195 644 105

443 210 605 249 TITUS
636 211 948 250 PETRONIUS
977 211 1217 249 ARBITER

227 329 229 331 ,
278 289 318 327 Is
359 293 427 336 qui
470 296 590 328 nocte
628 294 860 329 miserorum
897 291 1050 329 furtum
1086 291 1425 339 deprehenderat,

227 353 359 391 Hesus
378 357 556 401 nomine,
570 355 701 392 subito
716 354 954 401 proclamat:
974 345 1116 402 “Ergo
1142 355 1200 392 illi
1228 357 1295 401 qui
1312 359 1426 402 sunt,

224 419 292 462 qui
311 422 431 454 nocte
455 417 505 454 ad
529 417 666 455 lunam
684 418 927 455 radebantur
946 421 1116 465 pessimo
1135 418 1291 455 medius
1310 417 1426 456 fidius

225 480 434 527 exemplo?
478 481 610 518 Audio
631 484 738 518 enim
757 494 839 518 non
857 481 978 519 licere
998 485 1182 528 cuiquam
1200 481 1426 519 mortalium

225 546 267 580 in
295 557 396 581 nave
423 557 555 591 neque
581 557 736 590 ungues
762 557 894 590 neque
921 545 1082 591 capillos
1108 545 1325 591 deponere,
1350 547 1425 582 nisi

226 620 317 644 cum
336 607 479 653 pelago
498 612 641 645 ventus
660 607 878 644 irascitur.”
938 607 1164 645 Excanduit
1190 607 1332 645 Lichas
1351 607 1426 645 hoc

227 681 408 705 sermone
435 669 625 713 turbatus,
638 674 681 706 et
704 659 889 706 “Itane”
911 671 1042 715 inquit
1061 659 1256 715 “capillos
1284 668 1425 715 aliquis

226 734 269 768 in
288 744 388 769 nave
408 731 615 778 praecidit,
632 737 674 769 et
693 731 768 768 hoc
787 736 906 768 nocte
926 732 1190 778 intempesta?
1219 731 1426 769 Attrahite

228 798 335 832 ocius
351 800 543 832 nocentes
562 798 604 831 in
623 795 814 841 medium,
834 799 880 832 ut
899 797 1032 841 sciam,
1048 808 1215 841 quorum
1234 795 1428 841 capitibus

229 858 376 896 debeat
402 861 605 905 navigium
631 858 826 895 lustrari.’‘
885 848 1038 904 “Ego”
1061 861 1191 905 inquit
1211 857 1428 904 Eumolpus

230 912 339 958 “hoc
358 924 461 958 iussi.
523 921 609 958 Nec
628 914 685 958 in1
707 921 849 958 eodem
864 921 1021 958 futurus
1040 924 1197 967 navigio
1212 923 1428 967 auspicium

229 985 328 1021 mihi
348 984 439 1030 feci,
459 984 530 1022 sed
550 987 641 1031 quia
659 989 852 1022 nocentes
872 984 1050 1022 horridos
1068 984 1287 1030 longosque
1306 983 1427 1021 habe-

230 1044 329 1081 bant
357 1043 532 1089 capillos,
561 1056 613 1080 ne
642 1043 799 1080 viderer
831 1042 882 1080 de
916 1056 1017 1080 nave
1051 1055 1250 1080 carcerem
1282 1042 1426 1089 facere,

230 1105 324 1139 iussi
342 1102 566 1148 squalorem
586 1101 782 1139 damnatis
805 1101 971 1146 auferri3
998 1101 1113 1138 simul
1127 1106 1174 1138 ut
1192 1106 1312 1138 notae
1332 1113 1422 1146 quo-

231 1174 309 1207 que
348 1161 573 1198 litterarum
606 1173 687 1197 non
719 1159 977 1197 adumbratae
1005 1172 1206 1196 comarum
1233 1159 1428 1205 praesidio

231 1224 341 1257 totae
367 1219 419 1256 ad
444 1219 577 1256 oculos
603 1219 826 1264 legentium
854 1218 1092 1255 acciderent.
1154 1217 1266 1255 Inter
1294 1222 1428 1254 cetera

231 1277 339 1324 apud
371 1290 624 1314 communem
656 1279 823 1313 amicam
857 1281 1187 1322 consumpserunt
1219 1278 1428 1322 pecuniam

231 1349 376 1382 meam,
405 1349 430 1372 a
459 1349 537 1381 qua
569 1335 656 1372 illos
685 1337 862 1381 proxima
890 1339 1008 1372 nocte
1038 1336 1191 1371 extraxi
1218 1346 1328 1371 mero
1355 1346 1428 1370 un-

232 1397 472 1442 guentisque
496 1394 685 1440 perfusos.
744 1393 810 1430 Ad
830 1406 1035 1438 summam,
1054 1392 1184 1430 adhuc
1203 1394 1427 1439 patrimonii

231 1456 312 1491 mei
331 1453 516 1499 reliquias
536 1452 678 1489 olent”
701 1481 709 1489 .
734 1481 741 1488 .
766 1481 774 1488 .

288 1515 423 1557 itaque
436 1516 482 1548 ut
493 1511 622 1548 tutela
634 1513 743 1547 navis
757 1512 995 1556 expiaretur,
1003 1509 1152 1555 placuit
1159 1508 1430 1555 quadragenas

234 1573 393 1616 utrique
412 1569 548 1616 plagas
567 1571 727 1615 imponi.
783 1568 904 1605 Nulla
923 1581 1018 1613 ergo
1038 1568 1083 1604 fit
1100 1579 1228 1611 mora3
1248 1566 1430 1613 aggredi-

234 1634 356 1666 untur
374 1641 446 1665 nos
466 1627 645 1664 furentes
673 1632 818 1664 nautae
848 1639 938 1663 cum
966 1625 1126 1663 funibus
1148 1629 1430 1671 temptantque

233 1688 421 1724 vilissimo
444 1689 636 1732 sanguine
662 1685 832 1722 tutelam
858 1684 1023 1730 placare.
1083 1683 1137 1720 Et
1165 1696 1240 1729 ego
1268 1682 1429 1729 quidem

233 1752 316 1784 tres
353 1745 490 1791 plagas
527 1744 721 1790 Spartana
758 1743 967 1779 nobilitate
1006 1744 1178 1778 concoxi.
1243 1741 1429 1778 Ceterum

236 1805 360 1842 Giton
375 1803 498 1840 semel
514 1805 615 1839 ictus
627 1807 710 1839 tam
722 1801 836 1838 valde
851 1800 1097 1845 exclamavit,
1109 1805 1155 1836 ut
1170 1798 1430 1845 Tryphaenae

233 1875 348 1900 aures
366 1864 570 1898 notissima
589 1872 684 1897 voce
703 1859 887 1905 repleret.
930 1858 1022 1895 Non
1037 1858 1163 1895 solum
1178 1849 1261 1894 era²
1272 1857 1431 1894 turbata

235 1926 310 1967 est,
329 1920 400 1957 sed
425 1919 592 1955 ancillae
620 1920 741 1955 etiam
767 1929 904 1954 omnes
928 1916 1109 1952 familiari
1129 1928 1224 1952 sono
1243 1914 1429 1951 inductae

233 1980 285 2017 ad
304 1978 559 2024 vapulantem
578 1976 805 2013 decurrunt.
867 1974 951 2010 Iam
973 1974 1097 2011 Giton
1116 1972 1285 2010 mirabili
1305 1971 1429 2009 forma

555 2057 561 2074 ¹
576 2066 640 2087 nec
657 2056 691 2086 in
706 2054 897 2086 Buecheler
910 2064 923 2085 :
939 2064 1002 2085 nec
1019 2064 1101 2085 non.

551 2098 565 2118 ²
577 2109 639 2130 era
655 2098 844 2129 Buecheler
855 2107 868 2128 .·
884 2107 983 2137 ergo.

342 2156 421 2189 212
