<?xml version="1.0" encoding="UTF-8"?>
<!DOCTYPE html PUBLIC "-//W3C//DTD XHTML 1.0 Transitional//EN"
    "http://www.w3.org/TR/xhtml1/DTD/xhtml1-transitional.dtd">
<html xmlns="http://www.w3.org/1999/xhtml" xml:lang="en" lang="en">
 <head>
  <title>
</title>
<meta http-equiv="Content-Type" content="text/html;charset=utf-8" />
  <meta name='ocr-system' content='tesseract 3.04.00' />
  <meta name='ocr-capabilities' content='ocr_page ocr_carea ocr_par ocr_line ocrx_word'/>
</head>
<body>
  <div class='ocr_page' id='page_1' title='image "./petronius00petruoft_0030.png"; bbox 0 0 1500 2470; ppageno 0'>
   <div class='ocr_carea' id='block_1_1' title="bbox 531 359 1171 471">
    <p class='ocr_par' dir='ltr' id='par_1_1' title="bbox 531 359 1171 471">
     <span class='ocr_line' id='line_1_1' title="bbox 531 359 1171 399; baseline 0.002 -2"><span class='ocrx_word' id='word_1_1' title='bbox 531 359 644 398; x_wconf 89' lang='grc' dir='ltr'>ΤΙΤΙ</span> <span class='ocrx_word' id='word_1_2' title='bbox 677 360 917 399; x_wconf 89' lang='lat' dir='ltr'>PETRONI</span> <span class='ocrx_word' id='word_1_3' title='bbox 946 360 1171 398; x_wconf 87' lang='lat' dir='ltr'><strong>ARBITRI</strong></span> 
     </span>
     <span class='ocr_line' id='line_1_2' title="bbox 690 432 1002 471; baseline 0.003 -1"><span class='ocrx_word' id='word_1_4' title='bbox 690 432 1002 471; x_wconf 88' lang='lat' dir='ltr'>SATYRICON</span> 
     </span>
    </p>
   </div>
   <div class='ocr_carea' id='block_1_2' title="bbox 139 533 1447 1151">
    <p class='ocr_par' dir='ltr' id='par_1_2' title="bbox 139 533 1447 1151">
     <span class='ocr_line' id='line_1_3' title="bbox 139 533 1446 589; baseline 0.001 -10"><span class='ocrx_word' id='word_1_5' title='bbox 139 547 154 579; x_wconf 88' lang='lat'>1</span> <span class='ocrx_word' id='word_1_6' title='bbox 172 541 245 580; x_wconf 91' lang='lat' dir='ltr'>LO</span> <span class='ocrx_word' id='word_1_7' title='bbox 302 533 444 580; x_wconf 87' lang='lat' dir='ltr'>“Num</span> <span class='ocrx_word' id='word_1_8' title='bbox 459 542 536 580; x_wconf 89' lang='lat' dir='ltr'>alio</span> <span class='ocrx_word' id='word_1_9' title='bbox 550 555 701 589; x_wconf 88' lang='lat' dir='ltr'>genere</span> <span class='ocrx_word' id='word_1_10' title='bbox 717 542 907 581; x_wconf 85' lang='lat' dir='ltr'>furiarum</span> <span class='ocrx_word' id='word_1_11' title='bbox 921 542 1208 580; x_wconf 87' lang='lat' dir='ltr'>declamatores</span> <span class='ocrx_word' id='word_1_12' title='bbox 1222 544 1446 589; x_wconf 87' lang='lat' dir='ltr'>inquietan-</span> 
     </span>
     <span class='ocr_line' id='line_1_4' title="bbox 243 594 1447 650; baseline -0.001 -10"><span class='ocrx_word' id='word_1_13' title='bbox 243 607 322 649; x_wconf 89' lang='lat' dir='ltr'>tur,</span> <span class='ocrx_word' id='word_1_14' title='bbox 343 605 411 649; x_wconf 92' lang='lat' dir='ltr'>qui</span> <span class='ocrx_word' id='word_1_15' title='bbox 430 602 624 640; x_wconf 84' lang='lat' dir='ltr'>clamant:</span> <span class='ocrx_word' id='word_1_16' title='bbox 646 594 765 640; x_wconf 87' lang='lat' dir='ltr'>‘haec</span> <span class='ocrx_word' id='word_1_17' title='bbox 785 602 950 640; x_wconf 89' lang='lat' dir='ltr'>vulnera</span> <span class='ocrx_word' id='word_1_18' title='bbox 977 616 1048 650; x_wconf 91' lang='lat' dir='ltr'>pro</span> <span class='ocrx_word' id='word_1_19' title='bbox 1077 603 1263 641; x_wconf 89' lang='lat' dir='ltr'>libertate</span> <span class='ocrx_word' id='word_1_20' title='bbox 1289 602 1447 650; x_wconf 84' lang='lat' dir='ltr'>publica</span> 
     </span>
     <span class='ocr_line' id='line_1_5' title="bbox 244 661 1446 710; baseline -0.001 -9"><span class='ocrx_word' id='word_1_21' title='bbox 244 666 405 710; x_wconf 81' lang='lat' dir='ltr'>excepi3</span> <span class='ocrx_word' id='word_1_22' title='bbox 425 662 533 701; x_wconf 91' lang='lat' dir='ltr'>hunc</span> <span class='ocrx_word' id='word_1_23' title='bbox 547 663 707 701; x_wconf 90' lang='lat' dir='ltr'>oculum</span> <span class='ocrx_word' id='word_1_24' title='bbox 722 676 793 710; x_wconf 91' lang='lat' dir='ltr'>pro</span> <span class='ocrx_word' id='word_1_25' title='bbox 808 664 918 701; x_wconf 92' lang='lat' dir='ltr'>vobis</span> <span class='ocrx_word' id='word_1_26' title='bbox 932 663 1132 710; x_wconf 84' lang='lat' dir='ltr'>impendi:</span> <span class='ocrx_word' id='word_1_27' title='bbox 1151 663 1246 701; x_wconf 84' lang='lat' dir='ltr'>date</span> <span class='ocrx_word' id='word_1_28' title='bbox 1259 662 1359 700; x_wconf 88' lang='lat' dir='ltr'>mihi</span> <span class='ocrx_word' id='word_1_29' title='bbox 1373 661 1446 700; x_wconf 89' lang='lat' dir='ltr'>du-</span> 
     </span>
     <span class='ocr_line' id='line_1_6' title="bbox 243 722 1446 770; baseline -0.002 -9"><span class='ocrx_word' id='word_1_30' title='bbox 243 737 345 770; x_wconf 89' lang='lat' dir='ltr'>cem,</span> <span class='ocrx_word' id='word_1_31' title='bbox 359 726 426 770; x_wconf 89' lang='lat' dir='ltr'>qui</span> <span class='ocrx_word' id='word_1_32' title='bbox 441 737 506 761; x_wconf 91' lang='lat' dir='ltr'>me</span> <span class='ocrx_word' id='word_1_33' title='bbox 520 723 642 762; x_wconf 90' lang='lat' dir='ltr'>ducat</span> <span class='ocrx_word' id='word_1_34' title='bbox 653 723 704 762; x_wconf 86' lang='lat' dir='ltr'>ad</span> <span class='ocrx_word' id='word_1_35' title='bbox 718 723 863 761; x_wconf 89' lang='lat' dir='ltr'>liberos</span> <span class='ocrx_word' id='word_1_36' title='bbox 876 737 999 770; x_wconf 91' lang='lat' dir='ltr'>meos,</span> <span class='ocrx_word' id='word_1_37' title='bbox 1011 737 1105 761; x_wconf 85' lang='lat' dir='ltr'>nam</span> <span class='ocrx_word' id='word_1_38' title='bbox 1120 725 1260 761; x_wconf 87' lang='lat' dir='ltr'><strong>succisi</strong></span> <span class='ocrx_word' id='word_1_39' title='bbox 1273 722 1446 770; x_wconf 79' lang='lat' dir='ltr'>poplites</span> 
     </span>
     <span class='ocr_line' id='line_1_7' title="bbox 243 786 1446 834; baseline -0.001 -10"><span class='ocrx_word' id='word_1_40' title='bbox 243 787 424 825; x_wconf 90' lang='lat' dir='ltr'>membra</span> <span class='ocrx_word' id='word_1_41' title='bbox 442 801 524 824; x_wconf 92' lang='lat' dir='ltr'>non</span> <span class='ocrx_word' id='word_1_42' title='bbox 544 788 791 825; x_wconf 87' lang='lat' dir='ltr'>sustinent’?</span> <span class='ocrx_word' id='word_1_43' title='bbox 821 788 936 825; x_wconf 90' lang='lat' dir='ltr'>Haec</span> <span class='ocrx_word' id='word_1_44' title='bbox 957 789 1042 834; x_wconf 90' lang='lat' dir='ltr'>ipsa</span> <span class='ocrx_word' id='word_1_45' title='bbox 1060 786 1284 825; x_wconf 81' lang='lat' dir='ltr'>tolerabilia</span> <span class='ocrx_word' id='word_1_46' title='bbox 1298 790 1446 832; x_wconf 83' lang='lat' dir='ltr'>essent,</span> 
     </span>
     <span class='ocr_line' id='line_1_8' title="bbox 244 850 1446 897; baseline 0 -10"><span class='ocrx_word' id='word_1_47' title='bbox 244 853 276 888; x_wconf 91' lang='lat' dir='ltr'>si</span> <span class='ocrx_word' id='word_1_48' title='bbox 295 850 346 888; x_wconf 89' lang='lat' dir='ltr'>ad</span> <span class='ocrx_word' id='word_1_49' title='bbox 366 850 638 897; x_wconf 83' lang='lat' dir='ltr'>eloquentiam</span> <span class='ocrx_word' id='word_1_50' title='bbox 654 852 767 888; x_wconf 89' lang='lat' dir='ltr'>ituris</span> <span class='ocrx_word' id='word_1_51' title='bbox 782 852 886 887; x_wconf 89' lang='lat' dir='ltr'>viam</span> <span class='ocrx_word' id='word_1_52' title='bbox 901 850 1092 888; x_wconf 85' lang='lat' dir='ltr'>facerent.</span> <span class='ocrx_word' id='word_1_53' title='bbox 1123 850 1242 887; x_wconf 89' lang='lat' dir='ltr'>Nunc</span> <span class='ocrx_word' id='word_1_54' title='bbox 1257 854 1301 888; x_wconf 87' lang='lat' dir='ltr'>et</span> <span class='ocrx_word' id='word_1_55' title='bbox 1313 861 1446 887; x_wconf 89' lang='lat' dir='ltr'>rerum</span> 
     </span>
     <span class='ocr_line' id='line_1_9' title="bbox 243 912 1446 960; baseline -0.001 -9"><span class='ocrx_word' id='word_1_56' title='bbox 243 919 400 951; x_wconf 88' lang='lat' dir='ltr'>tumore</span> <span class='ocrx_word' id='word_1_57' title='bbox 415 919 459 951; x_wconf 91' lang='lat' dir='ltr'>et</span> <span class='ocrx_word' id='word_1_58' title='bbox 478 916 770 952; x_wconf 86' lang='lat' dir='ltr'>sententiarum</span> <span class='ocrx_word' id='word_1_59' title='bbox 782 916 992 952; x_wconf 89' lang='lat' dir='ltr'>vanissimo</span> <span class='ocrx_word' id='word_1_60' title='bbox 1004 916 1174 960; x_wconf 89' lang='lat' dir='ltr'>strepitu</span> <span class='ocrx_word' id='word_1_61' title='bbox 1193 912 1269 951; x_wconf 92' lang='lat' dir='ltr'>hoc</span> <span class='ocrx_word' id='word_1_62' title='bbox 1287 916 1446 950; x_wconf 86' lang='lat' dir='ltr'>tantum</span> 
     </span>
     <span class='ocr_line' id='line_1_10' title="bbox 242 975 1446 1024; baseline -0.002 -10"><span class='ocrx_word' id='word_1_63' title='bbox 242 977 468 1024; x_wconf 86' lang='lat' dir='ltr'>proficiunt,</span> <span class='ocrx_word' id='word_1_64' title='bbox 480 982 527 1015; x_wconf 93' lang='lat' dir='ltr'>ut</span> <span class='ocrx_word' id='word_1_65' title='bbox 539 990 630 1015; x_wconf 91' lang='lat' dir='ltr'>cum</span> <span class='ocrx_word' id='word_1_66' title='bbox 645 980 687 1014; x_wconf 91' lang='lat' dir='ltr'>in</span> <span class='ocrx_word' id='word_1_67' title='bbox 700 977 830 1015; x_wconf 87' lang='lat' dir='ltr'>forum</span> <span class='ocrx_word' id='word_1_68' title='bbox 841 979 1039 1024; x_wconf 90' lang='lat' dir='ltr'>venerint,</span> <span class='ocrx_word' id='word_1_69' title='bbox 1051 981 1199 1024; x_wconf 87' lang='lat' dir='ltr'>putent</span> <span class='ocrx_word' id='word_1_70' title='bbox 1213 989 1256 1015; x_wconf 91' lang='lat' dir='ltr'>se</span> <span class='ocrx_word' id='word_1_71' title='bbox 1270 979 1313 1014; x_wconf 88' lang='lat' dir='ltr'>in</span> <span class='ocrx_word' id='word_1_72' title='bbox 1324 975 1446 1013; x_wconf 86' lang='lat' dir='ltr'>alium</span> 
     </span>
     <span class='ocr_line' id='line_1_11' title="bbox 243 1038 1446 1087; baseline -0.002 -9"><span class='ocrx_word' id='word_1_73' title='bbox 243 1041 381 1078; x_wconf 88' lang='lat' dir='ltr'>orbem</span> <span class='ocrx_word' id='word_1_74' title='bbox 404 1046 600 1078; x_wconf 89' lang='lat' dir='ltr'>terrarum</span> <span class='ocrx_word' id='word_1_75' title='bbox 620 1040 785 1078; x_wconf 88' lang='lat' dir='ltr'>delatos.</span> <span class='ocrx_word' id='word_1_76' title='bbox 842 1039 896 1078; x_wconf 87' lang='lat' dir='ltr'>Et</span> <span class='ocrx_word' id='word_1_77' title='bbox 921 1040 1012 1078; x_wconf 90' lang='lat' dir='ltr'>ideo</span> <span class='ocrx_word' id='word_1_78' title='bbox 1032 1053 1108 1087; x_wconf 87' lang='lat' dir='ltr'>ego</span> <span class='ocrx_word' id='word_1_79' title='bbox 1126 1038 1446 1078; x_wconf 90' lang='lat' dir='ltr'>adulescentulos</span> 
     </span>
     <span class='ocr_line' id='line_1_12' title="bbox 244 1102 1445 1151; baseline -0.002 -9"><span class='ocrx_word' id='word_1_80' title='bbox 244 1106 427 1142; x_wconf 87' lang='lat' dir='ltr'>existimo</span> <span class='ocrx_word' id='word_1_81' title='bbox 448 1106 489 1141; x_wconf 93' lang='lat' dir='ltr'>in</span> <span class='ocrx_word' id='word_1_82' title='bbox 509 1103 653 1141; x_wconf 91' lang='lat' dir='ltr'>scholis</span> <span class='ocrx_word' id='word_1_83' title='bbox 673 1103 926 1141; x_wconf 89' lang='lat' dir='ltr'>stultissimos</span> <span class='ocrx_word' id='word_1_84' title='bbox 953 1104 1050 1150; x_wconf 89' lang='lat' dir='ltr'>fieri,</span> <span class='ocrx_word' id='word_1_85' title='bbox 1070 1106 1164 1151; x_wconf 90' lang='lat' dir='ltr'>quia</span> <span class='ocrx_word' id='word_1_86' title='bbox 1181 1102 1283 1141; x_wconf 89' lang='lat' dir='ltr'>nihil</span> <span class='ocrx_word' id='word_1_87' title='bbox 1302 1115 1352 1140; x_wconf 89' lang='lat' dir='ltr'>ex</span> <span class='ocrx_word' id='word_1_88' title='bbox 1370 1102 1445 1147; x_wconf 82' lang='lat' dir='ltr'>hiS,</span> 
     </span>
    </p>
   </div>
   <div class='ocr_carea' id='block_1_3' title="bbox 242 1166 1500 1214">
    <p class='ocr_par' dir='ltr' id='par_1_3' title="bbox 242 1166 1500 1214">
     <span class='ocr_line' id='line_1_13' title="bbox 242 1166 1500 1214; baseline -0.002 -10"><span class='ocrx_word' id='word_1_89' title='bbox 242 1181 343 1214; x_wconf 83' lang='lat' dir='ltr'>quae</span> <span class='ocrx_word' id='word_1_90' title='bbox 360 1170 401 1204; x_wconf 90' lang='lat' dir='ltr'>in</span> <span class='ocrx_word' id='word_1_91' title='bbox 418 1180 491 1205; x_wconf 89' lang='lat' dir='ltr'>usu</span> <span class='ocrx_word' id='word_1_92' title='bbox 511 1167 716 1213; x_wconf 86' lang='lat' dir='ltr'>habemus,</span> <span class='ocrx_word' id='word_1_93' title='bbox 733 1171 802 1204; x_wconf 86' lang='lat' dir='ltr'>aut</span> <span class='ocrx_word' id='word_1_94' title='bbox 817 1167 986 1205; x_wconf 89' lang='lat' dir='ltr'>audiunt</span> <span class='ocrx_word' id='word_1_95' title='bbox 1000 1172 1070 1204; x_wconf 92' lang='lat' dir='ltr'>aut</span> <span class='ocrx_word' id='word_1_96' title='bbox 1083 1166 1236 1213; x_wconf 86' lang='lat' dir='ltr'>vident,</span> <span class='ocrx_word' id='word_1_97' title='bbox 1252 1166 1323 1205; x_wconf 93' lang='lat' dir='ltr'>sed</span> <span class='ocrx_word' id='word_1_98' title='bbox 1342 1169 1444 1213; x_wconf 86' lang='lat' dir='ltr'>pira·</span> <span class='ocrx_word' id='word_1_99' title='bbox 1498 1188 1500 1212; x_wconf 51' lang='lat'>5</span> 
     </span>
    </p>
   </div>
   <div class='ocr_carea' id='block_1_4' title="bbox 189 1229 1445 2211">
    <p class='ocr_par' dir='ltr' id='par_1_4' title="bbox 189 1229 1445 2211">
     <span class='ocr_line' id='line_1_14' title="bbox 242 1229 1444 1276; baseline -0.002 -8"><span class='ocrx_word' id='word_1_100' title='bbox 242 1236 302 1268; x_wconf 90' lang='lat' dir='ltr'>tas</span> <span class='ocrx_word' id='word_1_101' title='bbox 312 1244 403 1268; x_wconf 90' lang='lat' dir='ltr'>cum</span> <span class='ocrx_word' id='word_1_102' title='bbox 411 1233 563 1268; x_wconf 89' lang='lat' dir='ltr'>catenis</span> <span class='ocrx_word' id='word_1_103' title='bbox 576 1233 617 1267; x_wconf 92' lang='lat' dir='ltr'>in</span> <span class='ocrx_word' id='word_1_104' title='bbox 630 1230 746 1267; x_wconf 89' lang='lat' dir='ltr'>litore</span> <span class='ocrx_word' id='word_1_105' title='bbox 756 1234 922 1276; x_wconf 89' lang='lat' dir='ltr'>stantes,</span> <span class='ocrx_word' id='word_1_106' title='bbox 931 1230 1002 1267; x_wconf 91' lang='lat' dir='ltr'>sed</span> <span class='ocrx_word' id='word_1_107' title='bbox 1014 1234 1204 1276; x_wconf 89' lang='lat' dir='ltr'>tyrannos</span> <span class='ocrx_word' id='word_1_108' title='bbox 1212 1229 1344 1268; x_wconf 89' lang='lat' dir='ltr'>edicta</span> <span class='ocrx_word' id='word_1_109' title='bbox 1351 1231 1444 1267; x_wconf 85' lang='lat' dir='ltr'>scri-</span> 
     </span>
     <span class='ocr_line' id='line_1_15' title="bbox 242 1292 1445 1340; baseline -0.002 -8"><span class='ocrx_word' id='word_1_110' title='bbox 242 1294 399 1340; x_wconf 87' lang='lat' dir='ltr'>bentes,</span> <span class='ocrx_word' id='word_1_111' title='bbox 413 1293 555 1340; x_wconf 91' lang='lat' dir='ltr'>quibus</span> <span class='ocrx_word' id='word_1_112' title='bbox 570 1295 771 1340; x_wconf 91' lang='lat' dir='ltr'>imperent</span> <span class='ocrx_word' id='word_1_113' title='bbox 791 1292 879 1331; x_wconf 89' lang='lat' dir='ltr'>filiis</span> <span class='ocrx_word' id='word_1_114' title='bbox 894 1298 940 1330; x_wconf 93' lang='lat' dir='ltr'>ut</span> <span class='ocrx_word' id='word_1_115' title='bbox 959 1298 1117 1339; x_wconf 88' lang='lat' dir='ltr'>patrum</span> <span class='ocrx_word' id='word_1_116' title='bbox 1136 1306 1295 1330; x_wconf 90' lang='lat' dir='ltr'>suorum</span> <span class='ocrx_word' id='word_1_117' title='bbox 1315 1294 1445 1339; x_wconf 87' lang='lat' dir='ltr'>capita</span> 
     </span>
     <span class='ocr_line' id='line_1_16' title="bbox 242 1356 1444 1404; baseline -0.002 -10"><span class='ocrx_word' id='word_1_118' title='bbox 242 1357 487 1404; x_wconf 87' lang='lat' dir='ltr'>praecidant,</span> <span class='ocrx_word' id='word_1_119' title='bbox 509 1356 580 1394; x_wconf 92' lang='lat' dir='ltr'>sed</span> <span class='ocrx_word' id='word_1_120' title='bbox 606 1369 795 1403; x_wconf 92' lang='lat' dir='ltr'>responsa</span> <span class='ocrx_word' id='word_1_121' title='bbox 814 1359 856 1394; x_wconf 90' lang='lat' dir='ltr'>in</span> <span class='ocrx_word' id='word_1_122' title='bbox 879 1356 1152 1403; x_wconf 82' lang='lat' dir='ltr'>pestilentiam</span> <span class='ocrx_word' id='word_1_123' title='bbox 1178 1356 1284 1402; x_wconf 88' lang='lat' dir='ltr'>data,</span> <span class='ocrx_word' id='word_1_124' title='bbox 1304 1360 1350 1393; x_wconf 91' lang='lat' dir='ltr'>ut</span> <span class='ocrx_word' id='word_1_125' title='bbox 1368 1358 1444 1392; x_wconf 88' lang='lat' dir='ltr'>vir-</span> 
     </span>
     <span class='ocr_line' id='line_1_17' title="bbox 241 1419 1444 1467; baseline -0.002 -9"><span class='ocrx_word' id='word_1_126' title='bbox 241 1423 356 1467; x_wconf 82' lang='lat' dir='ltr'>gines</span> <span class='ocrx_word' id='word_1_127' title='bbox 376 1425 458 1458; x_wconf 89' lang='lat' dir='ltr'>tres</span> <span class='ocrx_word' id='word_1_128' title='bbox 478 1425 548 1457; x_wconf 86' lang='lat' dir='ltr'>aut</span> <span class='ocrx_word' id='word_1_129' title='bbox 573 1419 706 1466; x_wconf 89' lang='lat' dir='ltr'>plures</span> <span class='ocrx_word' id='word_1_130' title='bbox 727 1419 996 1466; x_wconf 86' lang='lat' dir='ltr'>immolentur,</span> <span class='ocrx_word' id='word_1_131' title='bbox 1017 1419 1088 1457; x_wconf 91' lang='lat' dir='ltr'>sed</span> <span class='ocrx_word' id='word_1_132' title='bbox 1113 1419 1287 1457; x_wconf 90' lang='lat' dir='ltr'>mellitos</span> <span class='ocrx_word' id='word_1_133' title='bbox 1306 1419 1444 1456; x_wconf 87' lang='lat' dir='ltr'>verbo-</span> 
     </span>
     <span class='ocr_line' id='line_1_18' title="bbox 241 1482 1445 1529; baseline -0.002 -9"><span class='ocrx_word' id='word_1_134' title='bbox 241 1496 328 1520; x_wconf 91' lang='lat' dir='ltr'>rum</span> <span class='ocrx_word' id='word_1_135' title='bbox 344 1482 526 1529; x_wconf 89' lang='lat' dir='ltr'>globulos</span> <span class='ocrx_word' id='word_1_136' title='bbox 543 1487 585 1520; x_wconf 91' lang='lat' dir='ltr'>et</span> <span class='ocrx_word' id='word_1_137' title='bbox 601 1485 733 1519; x_wconf 88' lang='lat' dir='ltr'>omnia</span> <span class='ocrx_word' id='word_1_138' title='bbox 748 1482 857 1520; x_wconf 91' lang='lat' dir='ltr'>dicta</span> <span class='ocrx_word' id='word_1_139' title='bbox 868 1482 1052 1529; x_wconf 89' lang='lat' dir='ltr'>factaque</span> <span class='ocrx_word' id='word_1_140' title='bbox 1068 1484 1179 1528; x_wconf 89' lang='lat' dir='ltr'>quasi</span> <span class='ocrx_word' id='word_1_141' title='bbox 1193 1494 1389 1528; x_wconf 85' lang='lat' dir='ltr'>papavere</span> <span class='ocrx_word' id='word_1_142' title='bbox 1402 1486 1445 1519; x_wconf 90' lang='lat' dir='ltr'>et</span> 
     </span>
     <span class='ocr_line' id='line_1_19' title="bbox 242 1542 1444 1590; baseline -0.002 -9"><span class='ocrx_word' id='word_1_143' title='bbox 242 1557 395 1581; x_wconf 85' lang='lat' dir='ltr'>sesamo</span> <span class='ocrx_word' id='word_1_144' title='bbox 415 1556 558 1590; x_wconf 87' lang='lat' dir='ltr'>sparsa.</span> <span class='ocrx_word' id='word_1_145' title='bbox 611 1542 689 1588; x_wconf 84' lang='lat' dir='ltr'>Qui</span> <span class='ocrx_word' id='word_1_146' title='bbox 711 1546 817 1580; x_wconf 88' lang='lat' dir='ltr'>inter</span> <span class='ocrx_word' id='word_1_147' title='bbox 836 1542 935 1580; x_wconf 91' lang='lat' dir='ltr'>haec</span> <span class='ocrx_word' id='word_1_148' title='bbox 955 1545 1198 1588; x_wconf 90' lang='lat' dir='ltr'>nutriuntur,</span> <span class='ocrx_word' id='word_1_149' title='bbox 1217 1555 1299 1579; x_wconf 90' lang='lat' dir='ltr'>non</span> <span class='ocrx_word' id='word_1_150' title='bbox 1318 1544 1444 1588; x_wconf 82' lang='lat' dir='ltr'>magis</span> 
     </span>
     <span class='ocr_line' id='line_1_20' title="bbox 189 1604 1442 1653; baseline -0.002 -9"><span class='ocrx_word' id='word_1_151' title='bbox 189 1611 212 1644; x_wconf 76' lang='lat'><strong>2</strong></span> <span class='ocrx_word' id='word_1_152' title='bbox 243 1619 381 1653; x_wconf 88' lang='lat' dir='ltr'>sapere</span> <span class='ocrx_word' id='word_1_153' title='bbox 411 1611 590 1653; x_wconf 91' lang='lat' dir='ltr'>possunt,</span> <span class='ocrx_word' id='word_1_154' title='bbox 612 1619 731 1652; x_wconf 89' lang='lat' dir='ltr'>quam</span> <span class='ocrx_word' id='word_1_155' title='bbox 760 1606 863 1643; x_wconf 92' lang='lat' dir='ltr'>bene</span> <span class='ocrx_word' id='word_1_156' title='bbox 884 1606 1005 1652; x_wconf 92' lang='lat' dir='ltr'>olere,</span> <span class='ocrx_word' id='word_1_157' title='bbox 1026 1608 1094 1652; x_wconf 90' lang='lat' dir='ltr'>qui</span> <span class='ocrx_word' id='word_1_158' title='bbox 1114 1608 1155 1642; x_wconf 93' lang='lat' dir='ltr'>in</span> <span class='ocrx_word' id='word_1_159' title='bbox 1175 1604 1306 1642; x_wconf 89' lang='lat' dir='ltr'>culina</span> <span class='ocrx_word' id='word_1_160' title='bbox 1331 1604 1442 1643; x_wconf 91' lang='lat' dir='ltr'>habi-</span> 
     </span>
     <span class='ocr_line' id='line_1_21' title="bbox 242 1667 1442 1716; baseline -0.001 -10"><span class='ocrx_word' id='word_1_161' title='bbox 242 1675 341 1707; x_wconf 87' lang='lat' dir='ltr'>tant.</span> <span class='ocrx_word' id='word_1_162' title='bbox 387 1669 488 1707; x_wconf 88' lang='lat' dir='ltr'>Pace</span> <span class='ocrx_word' id='word_1_163' title='bbox 518 1674 648 1707; x_wconf 90' lang='lat' dir='ltr'>vestra</span> <span class='ocrx_word' id='word_1_164' title='bbox 678 1669 798 1707; x_wconf 89' lang='lat' dir='ltr'>liceat</span> <span class='ocrx_word' id='word_1_165' title='bbox 826 1670 985 1716; x_wconf 87' lang='lat' dir='ltr'>dixisse,</span> <span class='ocrx_word' id='word_1_166' title='bbox 1006 1671 1122 1716; x_wconf 91' lang='lat' dir='ltr'>primi</span> <span class='ocrx_word' id='word_1_167' title='bbox 1151 1671 1328 1706; x_wconf 91' lang='lat' dir='ltr'>omnium</span> <span class='ocrx_word' id='word_1_168' title='bbox 1362 1667 1442 1706; x_wconf 91' lang='lat' dir='ltr'>elo-</span> 
     </span>
     <span class='ocr_line' id='line_1_22' title="bbox 242 1731 1443 1779; baseline -0.002 -9"><span class='ocrx_word' id='word_1_169' title='bbox 242 1736 447 1779; x_wconf 86' lang='lat' dir='ltr'>quentiam</span> <span class='ocrx_word' id='word_1_170' title='bbox 474 1732 714 1779; x_wconf 88' lang='lat' dir='ltr'>perdidistis.</span> <span class='ocrx_word' id='word_1_171' title='bbox 770 1732 943 1770; x_wconf 93' lang='lat' dir='ltr'>Levibus</span> <span class='ocrx_word' id='word_1_172' title='bbox 969 1735 1077 1770; x_wconf 86' lang='lat' dir='ltr'>em&#39;m</span> <span class='ocrx_word' id='word_1_173' title='bbox 1110 1737 1231 1778; x_wconf 92' lang='lat' dir='ltr'>atque</span> <span class='ocrx_word' id='word_1_174' title='bbox 1261 1731 1443 1768; x_wconf 91' lang='lat' dir='ltr'>inanibus</span> 
     </span>
     <span class='ocr_line' id='line_1_23' title="bbox 242 1795 1443 1842; baseline -0.002 -9"><span class='ocrx_word' id='word_1_175' title='bbox 242 1798 347 1833; x_wconf 89' lang='lat' dir='ltr'>sonis</span> <span class='ocrx_word' id='word_1_176' title='bbox 374 1795 545 1833; x_wconf 88' lang='lat' dir='ltr'>ludibria</span> <span class='ocrx_word' id='word_1_177' title='bbox 564 1795 759 1842; x_wconf 88' lang='lat' dir='ltr'>quaedam</span> <span class='ocrx_word' id='word_1_178' title='bbox 780 1795 992 1833; x_wconf 86' lang='lat' dir='ltr'>excitando</span> <span class='ocrx_word' id='word_1_179' title='bbox 1020 1795 1217 1840; x_wconf 85' lang='lat' dir='ltr'>effecistis,</span> <span class='ocrx_word' id='word_1_180' title='bbox 1237 1799 1284 1832; x_wconf 90' lang='lat' dir='ltr'>ut</span> <span class='ocrx_word' id='word_1_181' title='bbox 1302 1806 1443 1841; x_wconf 91' lang='lat' dir='ltr'>corpus</span> 
     </span>
     <span class='ocr_line' id='line_1_24' title="bbox 243 1858 1442 1896; baseline -0.002 0"><span class='ocrx_word' id='word_1_182' title='bbox 243 1861 430 1896; x_wconf 89' lang='lat' dir='ltr'>orationis</span> <span class='ocrx_word' id='word_1_183' title='bbox 470 1863 727 1896; x_wconf 89' lang='lat' dir='ltr'>enervaretur</span> <span class='ocrx_word' id='word_1_184' title='bbox 759 1863 802 1895; x_wconf 95' lang='lat' dir='ltr'>et</span> <span class='ocrx_word' id='word_1_185' title='bbox 835 1858 1007 1895; x_wconf 89' lang='lat' dir='ltr'>caderet.</span> <span class='ocrx_word' id='word_1_186' title='bbox 1058 1858 1247 1896; x_wconf 89' lang='lat' dir='ltr'>Nondum</span> <span class='ocrx_word' id='word_1_187' title='bbox 1279 1860 1442 1895; x_wconf 91' lang='lat' dir='ltr'>iuvenes</span> 
     </span>
     <span class='ocr_line' id='line_1_25' title="bbox 242 1920 1443 1968; baseline -0.002 -9"><span class='ocrx_word' id='word_1_188' title='bbox 242 1922 598 1959; x_wconf 87' lang='lat' dir='ltr'>declamationibus</span> <span class='ocrx_word' id='word_1_189' title='bbox 637 1921 958 1967; x_wconf 86' lang='lat' dir='ltr'>continebantur,</span> <span class='ocrx_word' id='word_1_190' title='bbox 993 1934 1083 1958; x_wconf 92' lang='lat' dir='ltr'>cum</span> <span class='ocrx_word' id='word_1_191' title='bbox 1121 1920 1336 1968; x_wconf 90' lang='lat' dir='ltr'>Sophocles</span> <span class='ocrx_word' id='word_1_192' title='bbox 1373 1924 1443 1957; x_wconf 90' lang='lat' dir='ltr'>aut</span> 
     </span>
     <span class='ocr_line' id='line_1_26' title="bbox 243 1983 1439 2031; baseline -0.002 -9"><span class='ocrx_word' id='word_1_193' title='bbox 243 1985 455 2031; x_wconf 88' lang='lat' dir='ltr'>Euripides</span> <span class='ocrx_word' id='word_1_194' title='bbox 489 1987 731 2022; x_wconf 89' lang='lat' dir='ltr'>invenerunt</span> <span class='ocrx_word' id='word_1_195' title='bbox 764 1985 884 2021; x_wconf 90' lang='lat' dir='ltr'>verba</span> <span class='ocrx_word' id='word_1_196' title='bbox 921 1984 1063 2030; x_wconf 91' lang='lat' dir='ltr'>quibus</span> <span class='ocrx_word' id='word_1_197' title='bbox 1094 1983 1291 2021; x_wconf 84' lang='lat' dir='ltr'>deberent</span> <span class='ocrx_word' id='word_1_198' title='bbox 1320 1983 1439 2030; x_wconf 89' lang='lat' dir='ltr'>loqui.</span> 
     </span>
     <span class='ocr_line' id='line_1_27' title="bbox 243 2046 1441 2092; baseline -0.002 -8"><span class='ocrx_word' id='word_1_199' title='bbox 243 2047 434 2084; x_wconf 91' lang='lat' dir='ltr'>Nondum</span> <span class='ocrx_word' id='word_1_200' title='bbox 467 2047 709 2084; x_wconf 90' lang='lat' dir='ltr'>umbraticus</span> <span class='ocrx_word' id='word_1_201' title='bbox 743 2046 882 2084; x_wconf 89' lang='lat' dir='ltr'>doctor</span> <span class='ocrx_word' id='word_1_202' title='bbox 913 2049 1074 2092; x_wconf 90' lang='lat' dir='ltr'>ingenia</span> <span class='ocrx_word' id='word_1_203' title='bbox 1106 2046 1322 2091; x_wconf 90' lang='lat' dir='ltr'>deleverat,</span> <span class='ocrx_word' id='word_1_204' title='bbox 1351 2058 1441 2082; x_wconf 90' lang='lat' dir='ltr'>cum</span> 
     </span>
     <span class='ocr_line' id='line_1_28' title="bbox 247 2109 1441 2157; baseline -0.001 -10"><span class='ocrx_word' id='word_1_205' title='bbox 247 2109 437 2148; x_wconf 89' lang='lat' dir='ltr'>Pindarus</span> <span class='ocrx_word' id='word_1_206' title='bbox 465 2123 688 2157; x_wconf 90' lang='lat' dir='ltr'>novemque</span> <span class='ocrx_word' id='word_1_207' title='bbox 717 2109 829 2156; x_wconf 86' lang='lat' dir='ltr'>lyrici</span> <span class='ocrx_word' id='word_1_208' title='bbox 858 2110 1084 2147; x_wconf 89' lang='lat' dir='ltr'>Homericis</span> <span class='ocrx_word' id='word_1_209' title='bbox 1103 2109 1279 2147; x_wconf 89' lang='lat' dir='ltr'>versibus</span> <span class='ocrx_word' id='word_1_210' title='bbox 1299 2121 1441 2146; x_wconf 71' lang='lat' dir='ltr'>canere</span> 
     </span>
     <span class='ocr_line' id='line_1_29' title="bbox 355 2177 378 2211; baseline 0 0"><span class='ocrx_word' id='word_1_211' title='bbox 355 2177 378 2211; x_wconf 75' lang='lat'><em>2</em></span> 
     </span>
    </p>
   </div>
  </div>
 </body>
</html>
