1500 2470
128 721 178 754 52

426 193 588 231 TITUS
620 193 930 232 PETRONIUS
960 194 1199 232 ARBITER

207 272 258 310 de
278 277 403 317 terra;
424 273 559 310 collisa
579 278 665 311 erat
684 279 876 320 tanquam
895 287 1031 312 vasum
1050 287 1241 320 aeneum3
1261 274 1409 313 deinde

206 336 434 373 martiolum
455 336 506 374 de
527 339 615 374 sinu
635 337 804 383 protulit
830 342 873 375 et
898 338 1073 384 phialam
1093 341 1174 375 otio
1194 338 1300 376 belle
1327 351 1410 375 cor-

208 402 322 437 rexit.
385 400 477 437 Hoc
509 399 616 438 facto
650 401 818 446 putabat
851 414 894 438 se
927 393 1086 438 solium¹
1119 401 1223 439 Iovis
1256 406 1411 447 tenere,

207 466 346 509 utique
366 468 578 509 postquam
594 457 754 501 Caesar²
769 464 827 500 illi
842 464 964 501 dixit:
980 455 991 471 ‘
1002 464 1207 511 Numquid
1221 464 1321 502 alius
1336 467 1411 502 scit

207 526 309 563 hanc
336 527 586 564 condituram
606 528 865 564 vitreorum?'
889 527 980 565 vide
1007 527 1136 565 modo.
1198 527 1410 574 Postquam

206 593 383 636 negavit,
413 593 526 627 iussit
555 590 669 627 illum
699 591 841 628 Caesar
869 591 1078 628 decollari:
1107 594 1200 638 quia
1229 594 1350 637 enim,
1378 593 1410 628 si

206 656 351 691 scitum
371 658 489 699 esset,
510 667 650 691 aurum
670 667 741 700 pro
761 654 846 691 luto
866 654 1115 692 haberemus.
1176 654 1224 691 In
1242 658 1411 700 argento

208 717 327 764 plane
361 717 561 755 studiosus
596 730 694 754 sum.
757 718 901 755 Habeo
931 717 1101 764 scyphos
1132 717 1290 755 urnales
1323 717 1412 764 plus

208 783 339 817 minus
361 780 412 817 C:
433 780 771 826 quemadmodum
788 781 1006 819 Cassandra
1025 780 1172 818 occidit
1191 780 1290 818 filios
1309 793 1413 826 suos,

209 848 252 881 et
271 846 385 890 pueri
414 846 560 881 mortui
589 847 724 882 iacent
746 846 802 881 sic
828 849 874 881 ut
900 837 1049 881 vivere3
1079 849 1207 890 putes.
1268 843 1412 880 Habeo

210 901 388 953 capides⁴
410 907 467 952 Μ,
484 920 581 953 quas
602 907 764 953 reliquit
783 912 951 954 patrono
970 920 1060 945 meo
1081 899 1330 953 Mummius,⁵
1345 907 1412 944 ubi

211 969 412 1007 Daedalus
433 970 604 1007 Niobam
623 973 665 1007 in
686 983 833 1016 equum
853 970 1068 1007 Troianum
1087 970 1268 1008 includit.
1309 969 1412 1007 Nam

210 1034 463 1071 Hermerotis
506 1047 660 1080 pugnas
699 1039 742 1071 et
781 1034 966 1072 Petraitis
1002 1037 1045 1071 in
1082 1033 1233 1080 poculis
1270 1033 1412 1078 habeo,

207 1100 340 1134 omnia
351 1096 592 1143 ponderosa;
607 1110 742 1134 meum
758 1100 865 1135 enim
880 1097 1108 1143 intelligere
1122 1096 1233 1134 nulla
1244 1098 1412 1143 pecunia

209 1160 378 1197 vendo.’'

265 1224 380 1260 Haec
399 1223 496 1260 dum
515 1223 652 1269 refert,
668 1237 767 1269 puer
787 1223 951 1261 calicem
970 1226 1148 1270 proiecit.
1207 1223 1273 1261 Ad
1292 1235 1412 1269 quem

209 1289 425 1333 respiciens
440 1286 681 1324 Trimalchio
702 1278 856 1324 “Cito''
879 1290 1010 1333 inquit
1031 1277 1106 1324 “te
1125 1290 1255 1333 ipsum
1275 1286 1411 1332 caede,

208 1353 301 1396 quia
334 1363 467 1395 nugax
501 1351 582 1387 es.''
642 1350 788 1388 Statim
818 1364 918 1397 puer
948 1350 1119 1388 demisso
1149 1351 1259 1387 labro
1287 1362 1408 1387 orare.

211 1414 267 1451 At
286 1413 354 1451 ille
375 1404 518 1460 “Quid
538 1413 635 1451 me’'
652 1416 785 1460 inquit
799 1404 826 1421 “
834 1415 972 1460 rogas?
1020 1413 1226 1460 Tanquam
1246 1426 1322 1459 ego
1337 1413 1411 1450 tibi

209 1477 400 1514 molestus
421 1479 505 1514 sim.
565 1477 734 1523 Suadeo,
755 1490 778 1514 a
797 1482 839 1514 te
863 1480 1067 1523 impetreS,
1087 1490 1140 1514 ne
1163 1479 1214 1514 sis
1237 1477 1408 1522 nugax.''

210 1540 391 1577 Tandem
407 1553 502 1585 ergo
518 1545 702 1577 exoratus
722 1554 744 1577 a
764 1541 877 1578 nobis
897 1543 1125 1578 missionem
1145 1540 1260 1577 dedit
1273 1553 1407 1586 puero.

212 1603 285 1640 Ille
309 1603 492 1640 dimissus
513 1606 615 1640 circa
634 1617 813 1640 mensam
836 1606 1083 1649 percucurrit
1103 1632 1110 1640 .
1134 1632 1142 1640 .
1166 1632 1174 1640 .

265 1671 308 1704 et
327 1657 518 1712 “Aquam
538 1666 654 1712 foras,
675 1669 811 1704 vinum
830 1666 967 1703 intro'’
990 1666 1174 1704 clamavit
1194 1696 1201 1703 .
1225 1695 1232 1703 .
1257 1695 1264 1704 .

210 1732 428 1775 excipimus
451 1730 720 1766 urbanitatem
746 1732 926 1775 ioeantis,
949 1734 993 1767 et
1017 1734 1112 1766 ante
1139 1742 1276 1767 omnes
1302 1729 1408 1775 Aga-

210 1806 412 1838 memnon,
443 1795 512 1838 qui
543 1793 706 1838 sciebat,
734 1793 876 1838 quibus
903 1795 1055 1829 meritis
1082 1798 1333 1830 revocaretur
1358 1792 1408 1830 ad

253 1904 400 1937 ¹solium
419 1905 616 1936 Heinsius:
640 1906 786 1937 coleum.

252 1948 266 1968 ²
276 1950 416 1982 Caesar
431 1948 547 1979 added
560 1949 602 1989 by
618 1948 818 1980 Buecheler.

253 1991 327 2024 ³sic
343 1997 380 2023 ut
397 1992 515 2023 vivere
533 1991 731 2022 Heinsius:
755 1991 859 2022 sicuti
876 2002 969 2023 vere.

254 2035 424 2076 ⁴capides
442 2035 477 2065 M
494 2034 703 2066 Buecheler:
727 2034 904 2074 capidem.

252 2078 265 2098 ⁵
275 2083 428 2121 patrono
445 2088 524 2110 meo
542 2077 733 2109 Mummius
745 2077 955 2110 Buecheler:
978 2080 1209 2120 patronorum
1226 2087 1335 2109 meus.

318 2140 370 2180 90
