1534 2470
123 1145 196 1178 112

441 183 602 220 TITUS
635 185 945 222 PETRONIUS
974 182 1215 220 ARBITER

219 266 330 300 certe
353 261 404 299 ab
429 274 476 299 eo
502 262 624 300 odore
651 268 836 309 corrupta
861 265 1034 310 primum
1061 266 1146 310 ipsa
1171 265 1348 310 porrexit
1371 261 1424 300 ad

220 334 515 371 humanitatem
534 337 740 372 invitantis
759 337 905 372 victam
920 348 1096 381 manum,
1111 333 1259 372 deinde
1273 333 1424 372 refecta

221 406 384 451 potione
405 409 449 442 et
469 405 556 441 cibo
572 417 802 451 expugnare
819 404 1003 442 dominae
1018 407 1278 451 pertinaciam
1293 406 1426 450 coepit

221 476 265 509 et
304 461 434 517 ‘Quid
457 470 652 517 proderit’
686 473 817 517 inquit
854 461 949 508 ‘hoc
972 471 1059 517 tibi,
1084 474 1116 508 si
1141 471 1271 508 soluta
1291 469 1426 508 inedia

222 538 358 584 fueris,
378 540 410 575 si
429 542 472 575 te
492 540 621 574 vivam
637 537 854 584 sepelieris,
871 540 903 575 si
918 535 1134 584 antequam
1149 537 1233 575 fata
1246 541 1425 584 poscant,

222 605 501 642 indemnatum
521 606 705 650 spiritum
725 603 934 641 effuderis?

333 671 382 708 Id
401 674 577 708 cinerem
597 676 666 708 aut
685 684 823 708 manes
843 670 971 708 credis
991 673 1140 708 sentire
1159 670 1360 717 sepultos?

223 739 292 776 Vis
310 743 356 776 tu
379 738 639 774 reviviscere?
669 737 737 774 Vis
750 737 924 775 discusso
943 737 1128 774 muliebri
1148 749 1293 784 errore,
1307 749 1426 783 quam

223 806 292 843 diu
320 805 493 850 licuerit,
522 804 620 841 lucis
651 804 867 841 commodis
893 804 995 841 frui?
1025 803 1162 850 Ipsum
1189 809 1232 841 te
1260 806 1426 840 iacentis

224 885 364 918 corpus
379 871 595 908 admonere
610 870 747 916 debet,
759 875 806 907 ut
820 870 951 907 vivas.’
997 870 1127 907 Nemo
1142 873 1289 907 invitus
1300 869 1426 916 audit,

226 952 316 976 cum
346 940 502 984 cogitur
530 942 599 974 aut
628 937 762 974 cibum
790 950 947 974 sumere
975 942 1046 974 aut
1073 939 1216 974 vivere.
1285 936 1426 982 Itaque

225 1006 369 1043 mulier
383 1005 535 1050 aliquot
549 1003 705 1041 dierum
720 1004 963 1041 abstinentia
978 1006 1080 1040 sicca
1094 1016 1206 1049 passa
1222 1008 1283 1040 est
1297 1002 1427 1048 frangi

226 1074 488 1120 pertinaciam
517 1084 641 1117 suam,
668 1084 743 1108 nec
772 1073 903 1108 minus
931 1071 1046 1108 avide
1074 1070 1244 1116 replevit
1269 1082 1312 1107 se
1339 1070 1427 1106 cibo

227 1153 346 1186 quam
374 1138 530 1183 ancilla,
560 1150 662 1184 quae
690 1140 796 1183 prior
824 1139 929 1174 victa
958 1141 1029 1174 est.
1089 1136 1277 1174 Ceterum
1305 1138 1426 1181 scitis,

227 1206 324 1253 quid
344 1205 580 1252 plerumque
601 1204 726 1241 soleat
740 1208 941 1250 temptare
956 1203 1171 1240 humanam
1185 1205 1423 1240 satietatem.

229 1273 384 1319 Quibus
404 1270 608 1309 blanditiis
628 1273 911 1316 impetraverat
930 1269 1058 1316 miles,
1077 1274 1124 1306 ut
1142 1273 1323 1306 matrona
1345 1268 1427 1305 vel-

227 1339 287 1377 let
305 1342 452 1384 vivere,
473 1337 601 1375 isdem
622 1340 744 1374 etiam
763 1336 995 1383 pudicitiam
1017 1339 1101 1373 eius
1123 1348 1332 1382 aggressus
1353 1340 1424 1372 est.

228 1407 314 1444 Nec
335 1405 523 1443 deformis
542 1410 612 1441 aut
631 1404 868 1441 infacundus
887 1406 1040 1440 iuvenis
1061 1407 1191 1440 castae
1207 1401 1428 1448 videbatur,

228 1472 467 1511 conciliante
487 1474 657 1518 gratiam
676 1470 819 1507 ancilla
838 1483 883 1506 ac
904 1469 1072 1507 subinde
1092 1469 1273 1506 dicente:

576 1528 800 1574 ‘Placitone
820 1539 941 1574 etiam
960 1535 1155 1583 pugnabis
1173 1534 1319 1571 amori?

338 1606 426 1643 Nec
438 1607 549 1642 venit
569 1607 610 1640 in
629 1609 822 1648 mentem,
840 1616 1007 1648 quorum
1027 1601 1251 1639 consederis
1270 1599 1413 1638 arvis?’

230 1672 326 1720 quid
347 1672 496 1709 diutius
515 1671 670 1708 moror?
690 1683 742 1707 ne
767 1670 869 1706 hanc
893 1669 1056 1715 quidem
1079 1673 1235 1714 partem
1258 1669 1430 1713 corporis

228 1739 372 1777 mulier
390 1739 598 1783 abstinuit,
617 1739 822 1782 victorque
846 1736 960 1772 miles
984 1740 1198 1780 utrumque
1222 1736 1426 1780 persuasit.

230 1807 444 1843 Iacuerunt
465 1817 560 1850 ergo
580 1817 659 1840 una
678 1816 759 1840 non
775 1807 934 1840 tantum
949 1801 1016 1838 illa
1031 1806 1163 1847 nocte,
1179 1814 1257 1846 qua
1271 1802 1430 1846 nuptias

229 1873 427 1917 fecerunt,
454 1870 524 1908 sed
554 1875 713 1916 postero
741 1872 862 1906 etiam
891 1882 935 1905 ac
965 1871 1086 1905 tertio
1113 1867 1191 1913 die,
1218 1866 1430 1913 praeclusis

228 1938 418 1976 videlicet
438 1937 649 1974 conditorii
669 1936 831 1980 foribus,
852 1940 899 1972 ut
919 1937 1094 1980 quisquis
1122 1946 1170 1970 ex
1190 1935 1295 1970 notis
1318 1934 1430 1978 igno-

229 2009 361 2052 tisque
392 2004 443 2041 ad
476 2008 782 2040 monumentum
816 2004 1004 2046 venisset,
1037 2005 1200 2047 putaret
1233 2001 1430 2045 expirasse

230 2084 349 2118 super
387 2083 528 2116 corpus
565 2072 639 2105 viri
677 2068 969 2115 pudicissimam
1010 2079 1182 2104 uxorem.
1243 2065 1429 2103 Ceterum

341 2134 419 2167 232
