1500 2470
133 413 181 445 50

139 1656 184 1689 51

432 197 595 235 TITUS
628 195 938 234 PETRONIUS
967 195 1207 234 ARBITER

211 295 261 320 ex
288 281 415 327 plagis
441 281 629 327 ponderis
649 280 908 317 inclinatione
927 281 1198 318 crescentibus
1217 288 1416 319 tomam-a

211 358 301 382 cum
322 345 468 382 botulis
488 344 610 382 effusa
628 348 732 381 sunt.

269 408 455 445 Plausum
470 412 562 454 post
576 407 651 444 hoc
667 410 915 444 automatum
931 406 1079 444 familia
1094 406 1210 444 dedit
1224 412 1267 444 et
1282 400 1416 446 “Gaio

212 471 414 509 feliciter'’
438 471 710 508 conclamavit.
762 470 799 507 N
803 483 847 507 ec
867 483 948 507 non
969 483 1084 507 cocus
1103 473 1266 517 potione
1291 470 1416 508 hono·

211 539 320 572 ratus
354 539 416 572 est
447 540 490 572 et
526 538 720 580 argentea
750 546 906 580 corona,
927 533 1193 580 poculumque
1226 536 1269 571 in
1301 533 1415 572 lance

211 600 368 645 accepit
397 597 611 635 Corinthia.
672 596 803 643 Quam
833 609 923 634 cum
953 596 1232 643 Agamemnon
1256 600 1417 643 propius

213 661 497 707 consideraret,
519 664 576 698 ait
595 659 855 697 Trimalchio:
877 650 1025 698 “Solus
1040 673 1127 697 sum
1149 662 1217 706 qui
1235 673 1329 697 vera
1344 660 1416 698 Co-

213 725 372 762 rinthea
391 724 599 762 habeam.’'
654 723 940 770 Expectabam,
968 728 1015 760 ut
1045 736 1116 770 pro
1142 723 1295 769 reliqua
1313 726 1417 760 inso-

213 788 339 825 lentia
351 787 505 825 diceret
518 788 592 824 sibi
605 799 695 824 vasa
713 785 903 823 Corintho
919 785 1058 823 afferri.
1081 785 1162 824 Sed
1174 785 1242 823 ille
1254 786 1417 823 melius:

215 842 305 888 “Et
331 851 530 888 forsitan’'
554 853 688 896 inquit
714 840 739 857 “
748 852 916 895 quaeris,
937 862 1058 895 quare
1078 849 1183 887 solus
1204 849 1419 886 Corinthea

214 928 307 952 vera
339 914 583 960 possideam:
618 916 711 959 quia
743 912 897 950 scilicet
929 914 1114 958 aerarius,
1147 925 1171 948 a
1204 925 1282 958 quo
1315 925 1418 958 emo,

216 977 429 1016 Corinthus
450 982 622 1014 vocatur.
683 975 793 1022 Quid
813 980 875 1013 est
893 980 1030 1012 autem
1049 975 1324 1022 Corintheum,
1342 977 1416 1012 nisi

216 1044 303 1088 quis
324 1040 561 1078 Corinthum
580 1039 727 1077 habet?
786 1039 839 1076 Et
867 1051 919 1075 ne
947 1051 1013 1076 me
1041 1041 1192 1084 putetis
1211 1041 1418 1085 nesapium

216 1117 316 1150 esse,
346 1103 462 1140 valde
491 1104 596 1140 bene
625 1105 718 1148 scio,
749 1102 855 1139 unde
884 1104 1056 1148 primum
1085 1101 1301 1138 Corinthea
1325 1106 1417 1138 nata

216 1170 306 1205 sint.
367 1167 466 1204 Cum
497 1166 615 1203 Ilium
644 1170 805 1211 captum
829 1169 902 1210 est,
928 1163 1147 1210 Hannibal,
1166 1163 1286 1201 homo
1310 1163 1418 1201 vafer

217 1235 261 1268 et
279 1242 447 1276 magnus
467 1220 613 1275 stelio,1
632 1241 770 1266 omnes
790 1232 940 1265 statuas
967 1240 1112 1264 aeneas
1141 1231 1184 1264 et
1210 1240 1348 1264 aureas
1377 1231 1421 1264 et

217 1298 428 1340 argenteas
459 1295 500 1330 in
525 1306 649 1330 unum
673 1305 814 1337 rogum
840 1293 1042 1336 congessit
1065 1295 1108 1328 et
1130 1303 1195 1327 eas
1218 1290 1419 1334 incendit;

219 1357 348 1394 factae
377 1361 472 1394 sunt
499 1359 542 1393 in
571 1369 695 1393 unum
723 1367 815 1391 aera
843 1353 1106 1391 miscellanea.
1167 1353 1230 1390 Ita
1263 1366 1312 1390 ex
1344 1353 1419 1390 hac

217 1429 344 1454 massa
357 1415 458 1452 fabri
474 1415 722 1452 sustulerunt
735 1418 778 1450 et
791 1413 976 1450 fecerunt
991 1412 1123 1449 catilla
1135 1417 1178 1449 et
1191 1411 1418 1458 paropsides

219 1479 262 1512 et
281 1473 518 1511 statuncula.
579 1473 643 1511 Sic
664 1471 880 1510 Corinthea
907 1475 1002 1508 nata
1030 1475 1136 1516 sunt,
1161 1483 1211 1507 ex
1235 1470 1418 1507 omnibus

218 1536 260 1570 in
289 1546 427 1578 unum,
456 1544 531 1568 nec
560 1531 636 1568 hoc
665 1543 740 1567 nec
770 1529 879 1566 illud.
941 1528 1162 1574 Ignoscetis
1181 1528 1292 1574 mihi,
1312 1528 1418 1574 quod

219 1592 376 1629 dixero:
404 1603 480 1636 ego
499 1589 604 1626 malo
619 1589 717 1626 mihi
734 1591 870 1633 vitrea,
887 1592 996 1624 certe
1011 1600 1093 1624 non
1108 1579 1253 1623 olunt.²
1299 1585 1417 1632 Quod

219 1653 252 1688 si
275 1663 357 1686 non
379 1649 674 1694 frangerentur,
694 1646 857 1684 mallem
876 1646 974 1682 mihi
994 1658 1112 1691 quam
1131 1657 1290 1688 aurum;
1310 1657 1415 1682 nunc

217 1713 354 1746 autem
374 1707 466 1744 vilia
485 1711 589 1744 sunt.
641 1705 734 1742 Fuit
752 1710 889 1741 tamen
909 1704 1021 1741 faber
1039 1706 1107 1749 qui
1127 1703 1225 1740 feeit
1243 1702 1416 1749 phialam

217 1770 398 1811 vitream,
420 1778 521 1810 quae
541 1777 622 1801 non
646 1763 914 1808 frangebatur.
974 1761 1181 1798 Admissus
1202 1773 1296 1806 ergo
1320 1760 1415 1798 Cae-

217 1838 345 1863 sarem
372 1829 435 1861 est
457 1836 549 1860 cum
574 1822 645 1860 suo
667 1834 847 1866 munere,
868 1820 1016 1858 deinde
1045 1820 1143 1857 fecit
1170 1821 1414 1865 reporrigere

216 1874 442 1921 Caesarem3
456 1886 498 1918 et
513 1881 622 1917 illam
634 1883 676 1917 in
688 1882 961 1926 pavimentum
975 1881 1150 1924 proiecit.
1183 1877 1324 1914 Caesar
1335 1890 1414 1914 non

215 1946 311 1989 pote
330 1940 482 1977 valdius
503 1952 621 1984 quam
642 1940 811 1984 expavit.
871 1937 929 1974 At
957 1936 1024 1973 ille
1053 1935 1214 1973 sustulit
1241 1934 1412 1981 phialam

519 2001 531 2021 ¹
545 2002 647 2033 stelio
663 2000 864 2032 Heinsius:
886 2000 1003 2031 seelio.

515 2044 608 2076 2ῐιοιι
625 2046 725 2076 olunt
740 2043 950 2074 Buecheler:
972 2043 1105 2074 nolunt.

515 2086 529 2108 ⁸
541 2088 741 2120 Caesarem
756 2086 932 2128 Scheffer:
955 2085 1118 2118 ansari.

325 2153 375 2188 88
