1534 2470
141 922 193 962 60

448 210 610 250 TITUS
642 211 952 252 PETRONIUS
981 213 1222 252 ARBITER

227 291 333 327 inter
352 303 394 328 se
414 297 599 338 pugnent
618 292 777 331 Troiani
801 299 845 332 et
872 294 1086 333 Parentini.
1146 295 1253 333 Vicit
1277 295 1431 333 scilicet

227 357 271 390 et
303 353 568 401 Iphigeniam,
603 355 723 393 filiam
757 370 881 404 suam,
915 357 1065 395 Achilli
1099 358 1215 396 dedit
1251 371 1426 397 uxorem.

227 415 292 454 Ob
312 430 400 454 eam
419 431 505 455 rem
525 418 627 456 Aiax
653 422 802 457 insanit
827 425 871 457 et
897 423 1033 458 statim
1059 426 1342 467 argumentum
1361 434 1429 459 ex-

226 479 429 525 plicabit.’'
507 482 623 519 Haec
670 488 716 520 ut
762 483 865 521 dixit
913 483 1166 531 Trimalchio,
1215 484 1428 522 clamorem

227 543 483 582 Homeristae
521 545 782 592 sustulerunt,
821 549 1008 593 interque
1050 547 1241 585 familiam
1278 548 1428 586 discur-

225 612 383 644 rentem
398 607 545 645 vitulus
564 611 606 646 in
625 609 739 646 lance
759 603 937 646 donarial
962 609 1088 648 elixus
1113 610 1256 649 allatus
1282 615 1357 657 est,
1384 615 1428 649 et

224 670 387 716 quidem
406 671 597 717 galeatus.
657 673 826 711 Secutus
847 678 909 710 est
928 673 1030 711 Aiax
1046 677 1264 721 strictoque
1278 674 1427 721 gladio,

223 738 414 780 tanquam
426 737 630 781 insaniret,
643 736 830 782 concidit,
843 749 888 773 ac
903 737 1022 774 modo
1034 750 1146 775 versa
1156 737 1275 775 modo
1287 740 1428 784 supina

222 797 484 844 gesticulatus
521 812 710 837 mucrone
749 799 874 837 frusta
912 800 1076 846 collegit
1111 802 1427 848 mirantibusque

222 861 392 899 vitulum
412 865 581 908 partitus
601 869 673 901 est.

278 925 365 963 Nec
385 925 453 963 diu
473 929 606 963 mirari
629 927 742 964 licuit
764 932 848 964 tam
873 927 1079 973 elegantes
1103 928 1303 975 strophas;
1332 942 1423 967 nam

222 994 391 1035 repente
417 988 617 1026 lacunaria
643 1003 782 1028 sonare
810 996 1030 1037 coeperunt
1060 996 1271 1038 totumque
1301 992 1424 1030 tricli-

222 1054 334 1089 nium
348 1054 567 1090 intremuit.
627 1053 912 1091 Consternatus
929 1067 1004 1100 ego
1019 1058 1222 1092 exsurrexi
1237 1059 1280 1092 et
1294 1057 1422 1101 timui,

222 1128 275 1153 ne
290 1128 362 1162 per
376 1120 530 1153 tectum
545 1119 844 1162 petauristarius
858 1117 999 1163 aliquis
1014 1117 1289 1157 descenderet.
1334 1118 1422 1156 Nec

221 1176 353 1211 minus
372 1174 515 1220 reliqui
534 1177 722 1213 convivae
741 1178 931 1213 mirantes
951 1189 1114 1214 erexere
1134 1176 1279 1223 vultus,
1300 1190 1420 1224 expe-

222 1237 378 1270 ctantes
398 1233 495 1279 quid
513 1236 606 1270 novi
625 1233 676 1271 de
704 1234 814 1271 caelo
839 1237 1102 1272 nuntiaretur.
1162 1235 1267 1273 Ecce
1285 1240 1420 1273 autem

222 1291 396 1329 diductis
421 1291 670 1330 lacunaribus
697 1293 828 1330 subito
859 1293 1027 1331 circulus
1056 1296 1212 1340 ingens,
1239 1293 1291 1332 de
1321 1307 1422 1341 cupa

221 1350 410 1388 videlicet
427 1351 569 1397 grandi
589 1364 787 1398 excussus,
808 1352 1047 1398 demittitur,
1068 1355 1178 1390 cuius
1201 1365 1273 1399 per
1290 1357 1421 1390 totum

221 1409 359 1446 orbem
379 1422 546 1447 coronae
566 1423 708 1447 aureae
730 1424 821 1447 cum
835 1411 1040 1448 alabastris
1055 1414 1254 1457 unguenti
1269 1411 1421 1458 pende-

221 1468 328 1505 bant.
390 1468 498 1505 Dum
517 1468 616 1506 haec
635 1469 879 1516 apophoreta
903 1470 1085 1507 iubemur
1108 1483 1277 1516 sumere,
1298 1472 1421 1516 respi-

221 1529 330 1564 ciens
349 1527 400 1564 ad
418 1540 598 1564 mensam
618 1557 625 1564 .
650 1557 657 1564 .
682 1557 689 1565 .

219 1587 299 1623 iam
317 1585 398 1623 illic
417 1589 694 1632 repositorium
714 1600 804 1623 cum
823 1587 1018 1633 placentis
1037 1586 1189 1633 aliquot
1208 1591 1294 1624 erat
1315 1590 1419 1634 posi-

219 1649 319 1690 tum,
340 1644 446 1690 quod
465 1645 643 1682 medium
671 1645 833 1692 Priapus
859 1659 882 1682 a
907 1648 1056 1691 pistore
1082 1645 1210 1682 factus
1237 1646 1416 1691 tenebat,

217 1706 450 1749 gremioque
483 1706 577 1740 satis
605 1703 737 1750 amplo
766 1707 893 1741 omnis
921 1706 1080 1750 generis
1107 1717 1224 1750 poma
1253 1708 1296 1741 et
1322 1717 1417 1741 uvas

217 1762 440 1799 sustinebat
458 1775 568 1799 more
587 1762 759 1808 vulgato.
818 1762 985 1799 Avidius
1003 1762 1055 1799 ad
1073 1775 1259 1809 pompam
1277 1775 1417 1800 manus

216 1823 474 1866 porreximus,
495 1825 538 1857 et
557 1825 724 1866 repente
745 1833 847 1857 nova
872 1820 1056 1867 ludorum
1082 1823 1260 1858 remissio
1282 1820 1416 1858 hilari-

215 1883 343 1916 tatem
362 1878 427 1915 hic
446 1878 598 1916 refecit.
659 1879 810 1916 Omnes
837 1882 945 1917 enim
970 1878 1179 1925 placentae
1205 1881 1416 1925 omniaque

214 1950 332 1984 poma
369 1940 491 1974 etiam
528 1939 693 1974 minima
724 1940 935 1975 vexatione
974 1942 1159 1974 contacta
1195 1941 1416 1984 coeperunt

214 1995 418 2034 effundere
438 2008 610 2041 crocum,
631 2000 673 2032 et
695 2008 820 2041 usque
847 1995 899 2033 ad
923 1988 990 2033 οε2
1008 1995 1200 2033 molestus
1218 2009 1332 2034 umor
1350 2008 1414 2032 ac-

514 2066 526 2086 1
536 2067 690 2098 donaria
705 2067 909 2099 Buecheler:
933 2066 1095 2099 dunaria.

514 2108 576 2143 ¹os
591 2109 795 2142 Buecheler:
818 2121 896 2142 nos.

327 2166 400 2196 110
