1534 2470
136 1386 211 1419 104

459 208 621 248 TITUS
653 209 965 249 PETRONIUS
995 209 1235 247 ARBITER

238 291 445 335 utriusque
481 302 564 327 non
600 289 730 328 solum
766 293 910 337 capita,
948 289 1021 328 sed
1057 292 1183 328 etiam
1219 289 1441 336 supercilia.

237 351 390 398 Sequar
422 365 499 399 ego
531 352 685 391 frontes
717 359 862 391 notans
899 356 1160 400 inscriptione
1198 353 1364 400 sollerti,
1397 357 1445 392 ut

237 414 450 452 videamini
477 419 665 463 stigmate
692 430 778 455 esse
804 419 946 463 puniti.
1006 416 1070 454 Ita
1096 416 1264 454 eaedem
1281 416 1443 454 litterae

238 483 281 516 et
313 482 579 525 suspicionem
609 479 871 518 declinabunt
908 482 1187 527 quaerentium
1226 484 1270 518 et
1306 479 1443 518 vultus

238 541 378 579 umbra
396 542 579 589 supplicii
597 543 780 590 tegent.”

292 605 385 643 Non
411 611 474 643 est
499 606 622 644 dilata
647 606 814 653 fallacia,
835 606 906 645 sed
931 606 983 644 ad
1002 607 1106 644 latus
1131 609 1279 652 navigii
1303 605 1442 644 furtim

237 671 499 716 processimus
546 672 755 716 capitaque
803 683 894 707 cum
941 669 1159 716 superciliis
1201 669 1442 707 denudanda

237 735 388 770 tonsori
434 733 697 779 praebuimus.
778 733 967 780 Implevit
1011 733 1230 779 Eumolpus
1286 732 1441 771 frontes

237 798 444 842 utriusque
482 797 715 842 ingentibus
753 796 898 834 litteris
937 801 979 834 et
1016 801 1158 834 notum
1185 795 1443 843 fugitivorum

239 856 486 901 epigramma
523 867 595 901 per
633 859 760 892 totam
798 854 942 892 faciem
974 854 1128 892 liberali
1161 867 1281 892 manu
1314 854 1440 892 duxit.

241 912 355 950 Unus
385 912 489 950 forte
518 925 568 950 ex
597 914 834 959 vectoribus,
855 915 923 959 qui
951 912 1168 950 acclinatus
1191 912 1308 950 lateri
1333 915 1444 951 navis

239 971 484 1009 exonerabat
502 971 751 1009 stomachum
766 984 914 1009 nausea
932 984 1108 1018 gravem,
1126 973 1281 1008 notavit
1299 971 1373 1008 sibi
1392 970 1443 1009 ad

238 1029 375 1067 lunam
393 1035 596 1067 tonsorem
614 1032 898 1077 intempestivo
913 1029 1191 1067 inhaerentem
1209 1031 1442 1076 ministerio,

240 1093 528 1134 execratusque
566 1101 697 1134 omen,
737 1087 844 1134 quod
890 1090 1115 1125 imitaretur
1159 1087 1440 1133 naufragorum

239 1147 427 1185 ultimum
446 1152 596 1193 votum,
617 1150 658 1184 in
677 1147 809 1184 cubile
832 1149 1005 1184 reiectus
1025 1151 1096 1184 est.
1156 1146 1240 1183 Nos
1258 1146 1439 1183 dissimu-

238 1205 321 1243 lata
348 1208 577 1243 nauseantis
603 1205 817 1243 devotione
842 1205 894 1242 ad
917 1205 1098 1242 ordinem
1120 1207 1307 1242 tristitiae
1335 1204 1436 1242 redi-

238 1277 340 1311 mus,
360 1264 599 1310 silentioque
626 1266 834 1310 compositi
860 1264 1030 1310 reliquas
1054 1266 1182 1301 noctis
1201 1263 1316 1301 horas
1335 1263 1439 1300 male

239 1326 412 1370 soporati
429 1325 744 1369 consumpsimus
764 1352 771 1359 .
796 1352 802 1359 .
827 1352 834 1359 .

295 1371 551 1419 “Videbatur
568 1381 668 1418 mihi
680 1381 900 1419 secundum
913 1383 1090 1427 quietem
1104 1380 1266 1427 Priapus
1287 1379 1441 1418 dicere:

240 1431 483 1487 ‘Encolpion
509 1439 617 1486 quod
642 1442 811 1486 quaeris,
830 1442 930 1477 scito
955 1453 978 1476 a
1003 1452 1068 1476 me
1093 1442 1136 1476 in
1161 1451 1304 1476 navem
1329 1444 1440 1476 tuam

242 1512 330 1537 esse
349 1498 615 1546 perductum!
627 1498 648 1512 ’¹
708 1498 924 1535 Exhorruit
942 1497 1180 1544 Tryphaena
1195 1501 1238 1534 et
1249 1487 1274 1505 ‘⁶
1285 1497 1437 1534 Putes”

239 1560 372 1604 inquit
390 1548 503 1595 “una
525 1570 597 1594 nos
625 1556 851 1600 dormiisse;
879 1569 972 1593 nam
1000 1561 1043 1593 et
1070 1555 1168 1593 mihi
1187 1555 1439 1593 simulacrum

241 1617 436 1663 Neptuni,
448 1615 555 1662 quod
568 1615 672 1652 Baiis
687 1615 724 1652 in
738 1606 965 1660 tetrastylol
974 1619 1217 1660 notaveram,
1229 1613 1438 1651 videbatur

239 1675 393 1713 dicere:
422 1665 484 1711 ‘in
512 1687 613 1711 nave
643 1673 791 1710 Lichae
821 1673 969 1710 Gitona
993 1672 1196 1710 invenies.'
1211 1672 1233 1685 ”
1292 1662 1436 1710 “Hinc

239 1733 369 1772 scies’'
409 1735 541 1779 inquit
578 1732 795 1778 Eumolpus
833 1722 1082 1777 “Epicurum
1115 1743 1200 1768 esse
1233 1730 1436 1768 hominem

238 1793 430 1837 divinum,
443 1794 511 1838 qui
524 1791 716 1828 eiusmodi
731 1790 901 1827 ludibria
915 1789 1154 1827 facetissima
1171 1792 1324 1826 ratione
1343 1802 1436 1826 con-

239 1850 436 1888 demnat'’
458 1878 467 1886 .
491 1879 499 1886 .
523 1878 530 1886 .

256 1901 259 1905 ”
291 1914 471 1947 ceterum
501 1907 643 1944 Lichas
668 1912 715 1944 ut
740 1906 1002 1953 Tryphaenae
1028 1908 1224 1943 somnium
1250 1907 1436 1951 expiavit,

237 1959 263 1976 “
270 1970 358 2015 quis
367 1967 532 2013 ”inquit
540 1956 564 1973 “
573 1965 760 2012 prohibet
771 1967 973 2010 navigium
986 1967 1163 2010 scrutari,
1171 1976 1224 2001 ne
1233 1963 1436 2000 videamur

236 2026 394 2064 divinae
412 2027 561 2062 mentis
581 2037 701 2070 opera
720 2022 966 2061 damnare?”

389 2101 398 2119 ¹
413 2100 510 2133 Baiis
526 2100 561 2132 in
577 2100 767 2141 tetrastylo
783 2098 974 2130 Buecheler
984 2108 999 2129 :
1016 2097 1160 2129 Baistor
1174 2097 1288 2137 asylo.

345 2163 424 2198 210
