1534 2470
474 197 636 236 TITUS
668 197 979 237 PETRONIUS
1008 198 1248 236 ARBITER

257 282 405 320 familia
424 281 550 319 nudas
571 281 735 328 expedit
749 295 903 328 manus,
918 295 964 319 ac
978 295 1031 319 ne
1045 281 1278 318 ancillarum
1297 280 1460 328 quidem
1532 320 1534 322 ,

256 350 403 387 clamor
427 351 554 386 aciem
581 347 779 394 destituit,
799 361 879 385 uno
902 353 1062 386 tantum
1081 348 1349 394 gubernatore
1368 345 1460 384 reli-

257 422 414 461 cturum
428 429 469 453 se
482 418 592 452 navis
605 417 870 452 ministerium
879 415 1160 461 denuntiante,
1170 417 1201 452 si
1210 427 1291 451 non
1303 413 1461 451 desinat

257 485 385 521 rabies
422 481 589 519 libidine
627 481 875 528 perditorum
913 481 1091 519 collecta.
1156 480 1293 518 Nihilo
1329 483 1461 518 minus

258 555 394 587 tamen
414 553 643 596 perseverat
661 547 937 585 dimicantium
958 548 1079 594 furor,
1098 548 1176 586 illis
1202 559 1274 594 pro
1296 546 1463 592 ultione,

260 617 372 654 nobis
391 629 463 663 pro
483 618 564 652 vita
583 615 864 661 pugnantibus.
925 614 1047 651 Multi
1066 627 1162 660 ergo
1176 616 1364 661 utrinque
1379 615 1464 650 sine

261 688 388 720 morte
426 682 629 726 labuntur,
667 681 801 727 plures
835 683 992 718 cruenti
1023 680 1252 717 vulneribus
1284 679 1466 718 referunt

262 749 386 787 veluti
418 761 467 785 ex
500 747 651 794 proelio
682 746 841 793 pedem,
875 760 951 784 nec
981 752 1118 784 tamen
1150 749 1379 792 cuiusquam
1409 748 1466 782 ira

263 817 427 853 laxatur.
487 815 599 852 Tunc
620 814 856 851 fortissimus
871 814 995 851 Giton
1006 813 1058 851 ad
1070 813 1195 851 virilia
1210 827 1279 851 sua
1291 813 1466 850 admovit

263 882 496 920 novaculam
516 880 718 926 infestam,
737 883 912 918 minatus
932 893 974 917 se
993 880 1236 918 abscisurum
1262 885 1326 917 tot
1349 882 1467 917 mise-

265 953 409 987 riarum
440 961 611 993 causam,
643 947 897 993 inhibuitque
931 946 1170 993 Tryphaena
1199 951 1283 984 tam
1315 944 1468 993 grande

265 1016 416 1053 facinus
429 1028 508 1051 non
522 1013 767 1051 dissimulata
775 1016 971 1051 missione.
1032 1013 1196 1059 Saepius
1209 1026 1284 1059 ego
1296 1012 1468 1050 cultrum

266 1085 484 1120 tonsorium
503 1094 622 1127 super
642 1080 822 1126 iugulum
842 1093 976 1117 meum
999 1082 1125 1126 posui,
1144 1093 1225 1116 non
1251 1082 1378 1125 magis
1402 1091 1468 1116 me

267 1152 476 1194 occisurus,
515 1161 634 1194 quam
673 1147 810 1193 Giton,
848 1146 955 1193 quod
998 1147 1236 1192 minabatur,
1280 1146 1467 1183 facturus.

267 1215 468 1253 Audacius
487 1219 624 1251 tamen
644 1213 711 1250 ille
732 1212 978 1258 tragoediam
993 1212 1198 1259 implebat,
1214 1215 1306 1258 quia
1319 1212 1470 1250 sciebat

267 1295 309 1320 se
342 1281 451 1318 illam
483 1281 630 1318 habere
664 1280 909 1325 novaculam,
944 1292 1022 1325 qua
1054 1282 1132 1316 iam
1166 1279 1239 1316 sibi
1274 1281 1469 1316 cervicem

182 1350 248 1388 LO
268 1348 525 1397 praeciderat.
548 1339 553 1393 Ι
587 1347 728 1385 Stante
749 1359 844 1392 ergo
860 1352 1027 1392 utraque
1042 1349 1140 1392 acie,
1156 1359 1246 1383 cum
1260 1350 1470 1392 appareret

267 1416 446 1454 futurum
480 1428 560 1451 non
593 1414 834 1451 tralaticium
867 1413 1030 1458 bellum,
1068 1425 1188 1459 aegre
1226 1415 1471 1460 expugnavit

267 1483 524 1530 gubernator,
543 1486 589 1518 ut
609 1480 878 1518 caduceatoris
901 1493 1010 1517 more
1037 1479 1274 1526 Tryphaena
1296 1479 1470 1517 indutias

269 1550 429 1587 faceret.
490 1548 596 1585 Data
625 1560 721 1593 ergo
749 1552 992 1593 acceptaque
1023 1559 1072 1583 ex
1098 1559 1207 1583 more
1238 1548 1366 1592 patrio
1392 1545 1469 1583 fide

270 1615 500 1664 praetendit
518 1627 671 1651 ramum
691 1613 802 1650 oleae
822 1626 844 1649 a
860 1613 988 1650 tutela
1003 1614 1149 1658 navigii
1164 1617 1334 1658 raptum,
1349 1617 1470 1658 atque

270 1686 311 1720 in
331 1682 571 1728 colloquium
591 1683 726 1717 venire
747 1693 841 1717 ausa

326 1740 461 1795 “Quis
482 1747 621 1785 furor”
644 1747 841 1784 exclamat
862 1737 1033 1792 “pacem
1053 1748 1252 1783 convertit
1266 1747 1308 1782 in
1327 1745 1459 1783 arma?

325 1815 433 1862 Quid
452 1819 611 1851 nostrae
632 1826 812 1850 meruere
832 1813 989 1849 manus?
1010 1812 1102 1849 Non
1121 1811 1260 1849 Troius
1279 1811 1395 1849 heros

324 1882 397 1919 hac
412 1885 454 1918 in
475 1881 597 1918 classe
618 1879 728 1917 vehit
748 1879 908 1925 decepti
928 1881 1072 1925 pignus
1091 1877 1272 1924 Atridae,

323 1962 399 1986 nec
419 1947 566 1985 Medea
586 1946 720 1983 furens
742 1945 917 1983 fraterno
938 1948 1130 1991 sanguine
1150 1949 1313 1991 pugnat.

325 2014 407 2054 Sed
426 2018 680 2060 contemptus
700 2025 810 2049 amor
828 2014 930 2049 vires
949 2012 1082 2048 habet.
1142 2011 1190 2048 Ei
1209 2010 1320 2056 mihi,
1341 2010 1423 2048 fata

324 2083 397 2120 hos
415 2085 522 2120 inter
541 2080 683 2118 fluctus
703 2082 790 2127 quis
809 2082 932 2126 raptis
952 2082 1091 2116 evocat
1109 2078 1245 2115 armis?

381 2141 459 2175 222
