1500 2470
421 192 583 232 TITUS
615 193 926 235 PETRONIUS
955 196 1193 235 ARBITER

109 264 207 318 HL!
240 271 480 311 Trimalchio
527 274 674 321 digitos
712 279 957 323 concrepuit,
994 277 1046 315 ad
1092 278 1200 324 quod
1245 281 1403 324 signum

199 331 404 369 matellam
452 333 575 380 spado
618 333 776 372 ludenti
814 335 994 373 subiecit.
1072 336 1298 374 Exonerata
1334 337 1403 374 ille

200 393 330 428 vesica
348 404 491 437 aquam
512 395 692 438 poposcit
710 393 762 430 ad
780 407 933 440 manus,
953 394 1180 441 digitosque
1199 395 1403 442 paululum

200 449 407 496 adspersos
427 454 468 487 in
489 454 619 498 capite
640 455 753 498 pueri
772 455 898 490 tersit.

121 513 169 546 28
200 525 205 527 .
258 508 442 554 Longum
463 515 549 547 erat
568 510 724 556 singula
744 514 939 557 excipere.
999 511 1142 558 Itaque
1170 515 1403 551 intravimus

198 567 402 614 balneum,
437 573 480 605 et
517 568 660 606 sudore
699 569 856 606 calfacti
889 575 1094 608 momento
1128 573 1319 617 temporis
1351 571 1403 609 ad

200 626 386 672 frigidam
407 630 570 664 eximus.
631 627 716 664 Iam
736 627 975 665 Trimalchio
994 634 1202 674 unguento
1221 629 1403 676 perfusus

201 686 448 732 tergebatur,
470 699 550 722 non
571 686 718 732 linteis,
739 686 809 724 sed
836 687 964 733 palliis
990 700 1040 725 ex
1066 687 1157 725 lana
1174 688 1403 725 mollissima

199 744 327 781 sactis.
387 744 485 782 Tres
522 747 684 782 interim
723 745 947 792 iatraliptae
984 749 1027 783 in
1065 751 1281 793 conspectu
1319 749 1403 783 eius

142 803 183 840 H
205 803 415 840 Falernum
463 804 669 850 potabant,
708 794 713 848 Ι
753 809 796 841 et
843 817 935 841 cum
972 804 1186 851 plurimum
1226 807 1402 842 rixantes

202 862 469 907 effunderent,
490 861 730 899 Trimalchio
750 862 825 899 hoc
845 875 959 899 suum
979 866 1207 910 propinasse
1230 863 1400 901 dicebat.

107 921 183 958 HL
203 913 206 966 Ι
242 921 281 956 H
287 924 350 957 inc
366 921 565 957 involutus
581 923 740 957 coccina
753 934 926 967 gausapa
939 921 1106 959 lecticae
1121 925 1327 968 impositus
1343 927 1405 960 est

202 979 535 1025 praecedentibus
586 979 803 1026 phaleratis
854 981 1076 1018 cursoribus
1128 985 1316 1026 quattuor
1362 985 1405 1017 et

203 1038 458 1083 clstramaxio,
493 1041 534 1074 in
573 1050 651 1083 quo
689 1037 856 1075 deliciae
891 1041 975 1075 eius
1008 1038 1270 1086 vehebantur,
1303 1052 1404 1085 puer

203 1093 372 1138 vetulus,
392 1093 536 1138 lippus,
556 1093 717 1129 domino
737 1092 1028 1130 Trimalchione
1047 1093 1272 1132 deformior.
1304 1095 1402 1131 Cum

203 1161 299 1193 ergo
332 1147 568 1193 auferretur,
602 1148 653 1184 ad
691 1153 811 1194 caput
848 1151 932 1185 eius
969 1148 1274 1195 symphoniacus
1312 1162 1402 1186 cum

203 1206 377 1240 minimis
405 1204 513 1240 tibiis
541 1205 707 1240 accessit
736 1207 778 1240 et
806 1208 996 1249 tanquam
1024 1206 1065 1240 in
1093 1217 1229 1241 aurem
1252 1204 1403 1250 aliquid

203 1263 358 1296 secreto
377 1258 543 1303 diceret,
564 1263 650 1294 toto
669 1260 813 1294 itinere
833 1261 1018 1296 cantavit.

259 1313 471 1359 Sequimur
507 1326 579 1350 nos
620 1313 882 1350 admiratione
929 1316 1007 1349 iam
1053 1316 1175 1350 saturi
1223 1318 1266 1350 et
1312 1326 1400 1351 cum

144 1369 188 1405 H
205 1369 509 1414 Agamemnone
529 1368 579 1405 ad
599 1371 756 1404 ianuam
772 1371 1037 1414 pervenimus,
1070 1360 1075 1414 Ι
1107 1371 1148 1405 in
1164 1371 1274 1406 cuius
1288 1373 1400 1415 poste

204 1423 363 1471 libellus
397 1428 483 1460 erat
516 1437 605 1460 cum
636 1423 709 1459 hac
739 1425 995 1469 inscriptione
1026 1423 1144 1460 fixus:
1175 1414 1402 1469 “Quisquis

204 1492 339 1516 servus
359 1481 444 1515 sine
460 1478 658 1515 dominico
674 1481 779 1514 iussu
796 1477 898 1514 foras
914 1481 1068 1524 exierit,
1083 1480 1253 1524 accipiet
1267 1478 1403 1524 plagas

111 1534 186 1571 HL
206 1534 408 1571 centum.''
463 1525 468 1579 Ι
521 1533 568 1569 In
609 1533 721 1570 aditu
759 1538 895 1570 autem
932 1535 1017 1579 ipso
1054 1533 1186 1570 stabat
1222 1535 1403 1570 ostiarius

204 1592 439 1635 prasinatus,
456 1591 633 1625 cerasino
653 1590 877 1624 succinctus
898 1587 1070 1633 cingulo,
1086 1592 1207 1633 atque
1226 1590 1268 1624 in
1288 1587 1401 1624 lance

202 1649 395 1689 argentea
414 1646 542 1689 pisum
563 1643 768 1689 purgabat.
828 1643 956 1688 Super
974 1643 1097 1679 limen
1119 1647 1255 1679 autem
1284 1656 1403 1680 cavea

122 1703 173 1742 29
203 1699 407 1745 pendebat
425 1711 556 1743 aurea,
577 1701 618 1734 in
639 1711 716 1743 qua
735 1700 822 1743 pica
845 1700 950 1734 varia
972 1700 1168 1734 intrantes
1192 1697 1398 1735 salutabat.

203 1754 391 1791 Ceterum
421 1766 496 1798 ego
525 1753 621 1790 dum
650 1755 782 1788 omnia
810 1757 964 1798 stupeo,
993 1765 1121 1798 paene
1151 1755 1402 1798 resupinatus

202 1822 315 1845 crura
342 1821 432 1845 mea
460 1807 573 1852 fregi.
633 1807 698 1843 Ad
717 1809 914 1843 sinistram
935 1810 1042 1843 enim
1061 1807 1302 1844 intrantibus
1321 1820 1401 1844 non

202 1863 321 1908 longe
341 1864 391 1899 ab
411 1865 559 1899 ostiarii
579 1862 680 1899 cella
700 1864 807 1898 canis
833 1864 989 1907 ingens,
1010 1866 1151 1898 catena
1170 1865 1338 1907 vinctus,
1359 1864 1401 1898 in

202 1921 354 1981 pariete
375 1922 460 1955 erat
479 1920 610 1963 pictus
629 1929 826 1962 superque
846 1916 1038 1962 quadrata
1056 1916 1191 1953 littera
1210 1919 1400 1962 scriptum

217 1965 340 2010 ‘Cave
371 1972 550 2009 eanem.”
617 1971 670 2008 Et
703 1971 880 2016 collegae
915 1971 1076 2016 quidem
1105 1974 1185 2008 mei
1213 1974 1399 2016 riserunt,

201 2041 277 2074 ego
295 2032 431 2064 autem
452 2027 620 2064 collecto
639 2029 779 2072 spiritu
799 2039 879 2062 non
899 2026 1037 2063 destiti
1057 2031 1187 2063 totum
1207 2029 1399 2072 parietem

201 2086 395 2129 persequi.
448 2082 545 2119 Erat
571 2086 706 2118 autem
727 2081 963 2119 venalicium
983 2094 1061 2118 cum
1080 2081 1207 2118 titulis
1234 2083 1398 2126 pictum,

311 2142 362 2173 40
