1534 2470
503 201 704 240 LUCIUS
734 200 999 239 ANNAEUS
1029 198 1241 238 SENECA

271 286 468 322 emisisset
486 283 556 320 illa
575 287 704 329 parte,
720 295 798 328 qua
817 281 970 318 facilius
988 279 1247 327 loquebatur:
1263 270 1288 287 “
1299 291 1371 316 vae
1390 289 1472 324 me,

269 360 381 402 puto,
401 356 611 392 concacavi
629 353 735 391 me.”
776 351 896 398 Quod
915 365 967 389 an
987 351 1143 397 fecerit,
1162 353 1318 389 nescio:
1338 351 1471 387 omnia

270 432 380 464 certe
400 428 639 464 concacavit.

324 498 438 545 Quae
468 500 511 534 in
540 500 657 535 terris
687 501 827 543 postea
856 498 937 533 sint
965 500 1068 542 acta,
1093 506 1380 542 supervacuum
1410 497 1473 531 est

267 570 428 608 referre.
489 569 607 607 Scitis
637 571 745 606 enim
773 570 938 614 optime,
967 579 1044 604 nec
1072 566 1294 613 periculum
1322 569 1386 603 est
1417 578 1471 603 ne

269 641 457 679 excidant
483 642 699 678 memoriae
728 652 829 685 quae
857 637 1048 684 gaudium
1075 637 1280 684 publicum
1306 639 1471 684 impres-

268 719 389 754 serit:
429 727 549 752 nemo
586 714 791 751 felicitatis
829 725 923 750 suae
961 712 1215 749 obliviscitur.
1274 710 1324 748 In
1361 710 1472 748 caelo

268 800 370 834 quae
403 792 494 824 acta
525 789 620 832 sint,
653 784 791 822 audite
807 798 815 822 :
856 784 954 821 fides
987 796 1112 830 penes
1143 788 1348 820 auctorem
1381 785 1468 820 erit.

269 859 490 896 Nuntiatur
510 857 595 894 Iovi
613 859 769 894 venisse
789 855 991 902 quendam
1009 855 1138 892 bonae
1157 858 1347 900 staturae,
1366 853 1471 891 bene
1526 839 1527 842 Ἰ

267 942 436 975 canum;
464 932 599 967 nescio
618 928 715 975 quid
737 927 852 965 illum
873 929 1029 973 minari,
1047 925 1205 963 assidue
1225 928 1334 963 enim
1352 929 1471 972 caput

267 1014 427 1039 movere
437 1013 447 1046 ;
470 1000 617 1047 pedem
632 999 819 1037 dextrum
837 998 1009 1036 trahere.
1059 997 1270 1044 Quaesisse
1288 1009 1345 1043 se,
1360 999 1470 1034 cuius

267 1075 439 1110 nationis
478 1076 607 1110 esset:
645 1070 895 1117 respondisse
933 1071 1067 1107 nescio
1104 1068 1201 1115 quid
1236 1067 1470 1115 perturbato

265 1157 362 1181 sono
377 1149 420 1181 et
434 1156 530 1181 voce
550 1142 734 1186 confusa3
757 1155 839 1179 non
858 1141 1098 1187 intellegere
1116 1153 1159 1178 se
1177 1139 1356 1185 linguam
1370 1141 1468 1184 eius,

268 1228 343 1253 nec
375 1215 573 1253 Graecum
604 1226 689 1251 esse
719 1226 796 1251 nec
831 1213 1052 1250 Romanum
1083 1224 1160 1249 nec
1189 1210 1307 1248 ullius
1335 1212 1468 1256 gentis
1484 1254 1487 1255 ⁷

268 1291 399 1324 notae.
459 1286 562 1323 Tum
590 1285 772 1331 Iuppiter
806 1283 1040 1329 Herculem,
1071 1285 1139 1329 qui
1171 1286 1302 1320 totum
1332 1281 1468 1319 orbem
1518 1333 1522 1335 Α

269 1363 465 1396 terrarum
485 1361 758 1404 pererraverat
778 1361 821 1394 et
843 1368 959 1393 nosse
978 1354 1188 1392 videbatur
1207 1365 1344 1390 omnes
1366 1354 1469 1390 nati-

269 1442 379 1475 ones,
398 1429 512 1466 iubet
534 1431 592 1465 ire
622 1433 665 1465 et
694 1427 913 1473 explorare,
933 1439 1102 1472 quorum
1123 1424 1331 1462 hominum
1350 1427 1466 1461 esset.

269 1500 373 1538 Tum
393 1499 592 1538 Hercules
612 1502 739 1546 primo
757 1503 921 1545 aspectu
941 1510 1036 1534 sane
1055 1496 1310 1543 perturbatus
1329 1499 1404 1540 est,
1423 1498 1469 1532 ut

270 1575 337 1618 qui
357 1575 479 1609 etiam
498 1584 580 1608 non
599 1573 732 1608 omnia
750 1574 927 1606 monstra
944 1570 1136 1606 timuerit.
1186 1567 1245 1605 Ut
1258 1566 1359 1603 vidit
1376 1567 1468 1602 novi

269 1646 427 1689 generis
465 1642 621 1688 faciem,
659 1641 865 1679 insolitum
902 1643 1112 1684 incessum,
1146 1651 1285 1676 vocem
1321 1636 1466 1674 nullius

269 1717 468 1752 terrestris
486 1713 666 1751 animalis
686 1712 757 1750 sed
776 1712 902 1758 qualis
922 1724 1007 1748 esse
1027 1712 1188 1747 marinis
1206 1709 1334 1746 beluis
1353 1708 1467 1754 solet,

269 1799 427 1823 raucam
454 1790 496 1823 et
519 1785 775 1831 implicatam,
799 1785 955 1830 putavit
980 1783 1055 1819 sibi
1080 1784 1245 1818 tertium
1269 1780 1466 1817 decimum

269 1858 446 1895 laborem
465 1859 632 1894 venisse.
692 1855 938 1900 Diligentius
961 1855 1137 1890 intuenti
1154 1854 1259 1889 visus
1278 1856 1340 1888 est
1358 1852 1467 1896 quasi

268 1929 399 1966 homo.
457 1928 638 1965 Accessit
656 1929 791 1972 itaque
812 1930 855 1963 et
874 1924 980 1971 quod
999 1924 1231 1961 facillimum
1250 1921 1327 1959 fuit
1346 1922 1468 1959 Grae-

268 1999 370 2045 culo,
391 2001 470 2036 ait:

321 2086 379 2128 τίς
397 2085 512 2124 πόθεν
532 2084 581 2126 εἶς
602 2084 755 2131 ἀνδρῶν,
777 2083 868 2123 πόθι
889 2099 949 2121 τοι
968 2081 1082 2123 πόλις
1100 2079 1164 2128 ἠδὲ
1182 2080 1332 2127 τοκῆες;

379 2144 457 2179 380
