1500 2470
114 1411 164 1444 54

425 209 587 248 TITUS
619 209 930 249 PETRONIUS
962 209 1199 248 ARBITER

205 291 246 326 in
277 291 451 327 rationes
481 302 590 327 meas
620 289 759 327 inferri
790 290 949 328 vetuo.”
1009 290 1094 327 Iam
1125 293 1247 328 etiam
1277 289 1410 328 edicta

202 352 392 390 aedilium
412 354 684 390 recitabantur
704 358 747 391 et
761 353 1037 391 saltuariorum
1051 358 1308 400 testamenta,
1323 356 1410 400 qui-

203 416 276 453 bus
292 415 532 454 Trimalchio
548 430 638 454 cum
655 417 785 462 elogio
798 417 1137 463 exheredabatur;
1156 420 1234 454 iam
1249 419 1410 454 nomina

203 479 408 517 vilicorum
429 485 471 517 et
491 479 699 526 repudiata
719 494 742 517 a
757 483 938 518 circitore
953 481 1098 518 liberta
1112 483 1154 517 in
1169 480 1408 518 balneatoris

201 543 464 580 contubernio
491 543 742 590 deprehensa
769 548 811 581 et
836 546 1019 581 atriensis
1047 543 1159 581 Baias
1186 543 1407 590 relegatus;

201 609 279 644 iam
299 619 389 644 reus
410 606 538 644 factus
562 606 813 653 dispensator
836 611 879 645 et·
902 607 1093 644 iudicium
1116 609 1223 644 inter
1245 607 1405 644 cubicu-

199 669 316 707 larios
335 675 481 708 actum.

256 732 527 770 Petauristarii
547 738 684 771 autem
704 733 869 771 tandem
893 738 1102 771 venerunt.
1163 733 1263 771 Baro
1282 733 1404 771 insul-

198 799 372 834 sissimus
411 810 502 834 cum
540 797 654 834 scalis
692 800 874 834 constitit
907 809 1154 844 puerumque
1188 799 1302 835 iussit
1333 810 1405 844 per

196 860 343 906 gradus
377 864 420 898 et
457 862 499 896 in
537 873 690 897 summa
728 865 841 907 parte
879 860 1014 898 odaria
1046 860 1204 906 saltare,
1238 859 1404 898 circulos

197 922 346 960 deinde
366 922 554 960 ardentes
574 914 789 961 transilire1
809 928 852 961 et
871 923 1060 960 dentibus
1075 923 1306 969 amphoram
1320 936 1403 961 sus-

196 988 336 1023 tinere.
404 986 627 1023 Mirabatur
649 985 748 1023 haec
772 986 877 1023 solus
900 985 1140 1023 Trimalchio
1163 986 1402 1033 dicebatque

196 1051 399 1095 ingratum
418 1049 628 1086 artificium
649 1062 745 1087 esse.
806 1049 995 1086 Ceterum
1015 1049 1094 1086 duo
1114 1061 1200 1086 esse
1220 1051 1262 1086 in
1280 1050 1400 1087 rebus

195 1112 391 1158 humanis,
412 1125 514 1158 quae
533 1112 796 1150 libentissime
815 1117 1028 1158 spectaret,
1044 1114 1340 1158 petauristarios
1355 1118 1399 1151 et

196 1164 460 1216 cornicines32
494 1171 646 1217 reliqua
673 1162 915 1217 [animalia]3
934 1176 1157 1208 acroamata
1176 1174 1294 1209 tricas
1312 1184 1396 1209 me-

194 1243 256 1268 ras
276 1243 372 1267 esse.
435 1220 573 1267 “Nam
593 1235 636 1267 et
655 1230 896 1267 comoedos”
926 1232 1058 1276 inquit
1084 1220 1304 1276 “emeram,
1325 1230 1396 1268 sed

195 1289 316 1326 malui
350 1288 438 1326 illos
462 1283 731 1326 Atellaniam4
762 1288 906 1335 facere,
941 1294 984 1326 et
1014 1289 1229 1327 choraulen
1262 1302 1397 1327 meum

194 1350 288 1385 iussi
308 1347 452 1385 Latine
473 1347 671 1385 cantare.”

249 1407 349 1445 Cum
376 1409 548 1444 maxime
577 1407 676 1444 haec
697 1406 858 1444 dicente
889 1406 988 1444 Gaio
1016 1399 1139 1453 puer⁵
1165 1436 1173 1444 .
1204 1436 1212 1444 .
1239 1436 1247 1444 .
1271 1436 1279 1444 .
1313 1406 1398 1444 Tri-

194 1465 427 1504 malchionis
465 1466 651 1512 delapsus
690 1470 761 1503 est.
821 1466 1091 1503 Conclamavit
1128 1465 1290 1512 familia,
1322 1478 1398 1503 nee

192 1528 323 1562 minus
349 1527 549 1571 convivae,
570 1538 651 1562 non
677 1529 841 1571 propter
865 1524 1069 1562 hominem
1092 1529 1175 1562 tam
1198 1524 1397 1572 putidum,

192 1587 303 1622 cuius
325 1589 368 1621 et
387 1586 560 1621 cervices
579 1583 723 1620 fractas
738 1583 913 1621 libenter
927 1583 1131 1629 vidissent,
1147 1583 1218 1620 sed
1233 1588 1396 1630 propter

191 1643 340 1680 malum
372 1645 525 1680 exitum
555 1655 692 1688 cenae,
719 1655 772 1679 ne
800 1655 964 1679 necesse
994 1642 1190 1679 haberent
1218 1642 1392 1680 alienum

190 1707 392 1739 mortuum
418 1702 582 1747 plorare.
644 1701 735 1747 Ipse
759 1701 999 1738 Trimalchio
1022 1714 1113 1738 cum
1135 1704 1309 1746 graviter
1331 1703 1392 1738 in-

188 1763 408 1807 gemuisset
435 1773 632 1806 superque
660 1760 864 1796 brachium
890 1764 1081 1805 tanquam
1104 1759 1255 1796 laesum
1280 1762 1391 1797 incu-

189 1820 352 1864 buisset,
373 1831 608 1856 concurrere
628 1818 786 1864 medici,
807 1823 850 1855 et
869 1821 975 1855 inter
1001 1821 1147 1864 primos
1175 1819 1390 1856 Fortunata

187 1878 361 1915 crinibus
381 1880 504 1924 passis
524 1890 615 1914 cum
634 1877 796 1923 scypho,
812 1879 1078 1923 miseramque
1094 1890 1135 1914 se
1151 1882 1271 1923 atque
1288 1876 1389 1914 infe-

232 1941 431 1973 ¹transilire
449 1941 647 1972 Heinsius:
671 1941 835 1972 transire.

229 1983 450 2016 ²cornicines
467 1984 666 2015 Heinsius:
689 1984 860 2015 cornices.

232 2027 245 2047 ⁸
256 2028 426 2059 animalia
443 2027 623 2058 bracketed
636 2027 679 2067 by
694 2027 895 2059 Buecheler.

229 2069 468 2102 *Atellaniam
486 2070 698 2101 Buecheler:
720 2070 876 2101 atellam.

227 2112 241 2132 ⁶
252 2113 350 2145 Some
366 2113 478 2145 words
492 2113 577 2144 such
595 2123 636 2144 as
651 2113 685 2144 in
703 2112 886 2144 brachium
904 2112 996 2144 have
1011 2113 1267 2154 clearlyfallen
1283 2115 1352 2144 out.

292 2167 344 2206 94
