1534 2470
465 196 627 236 TITUS
658 194 970 236 PETRONIUS
1000 196 1238 235 ARBITER

300 276 409 315 Dum
429 277 529 315 haec
555 277 620 315 me
641 282 833 324 stupente
853 279 895 314 in
914 277 1064 315 lectulo
1084 277 1201 315 sedet
1218 279 1460 323 anserisque-

243 340 373 379 fatum
405 340 637 387 complorat,
675 343 837 378 interim
877 340 1109 378 Proselenos
1145 353 1237 378 cum
1268 335 1448 387 impensa

245 404 423 443 sacrificii
441 407 566 450 venit,
586 406 748 450 visoque
767 417 907 442 ansere
927 406 1056 441 occiso
1074 406 1274 441 sciscitata
1291 416 1447 441 causam

243 458 431 506 tristitiae
469 472 512 505 et
549 470 634 514 ipsa
670 466 765 505 flere
803 460 1082 505 vehementius
1120 469 1252 514 coepit
1288 469 1448 513 meique

243 533 436 578 misereri,
482 535 675 577 tanquam
722 535 881 577 patrem
924 543 1073 577 meum,
1118 542 1201 567 non
1243 529 1458 577 publicum=

244 607 442 641 anserem,
455 594 699 632 occidissem.
761 593 904 640 Itaque
923 593 1058 631 taedio
1077 593 1269 640 fatigatus
1284 583 1454 639 “rogo''.

244 661 408 705 inquam
427 648 622 704 “expiare
640 670 782 695 manus
800 659 930 704 pretio
949 648 1084 694 liceat1
1101 685 1109 694 .
1133 685 1141 694 .
1163 685 1172 694 .

246 724 279 759 si
315 734 384 759 vos
421 733 708 768 provocassem,
738 723 860 758 etiam
893 722 926 758 si
962 719 1220 757 homicidium
1251 718 1444 757 fecissem.

247 785 352 822 Ecce
368 784 467 822 duos
478 797 618 822 aureos
632 797 751 830 pono,
766 783 875 821 unde
890 786 1049 830 possitis
1064 788 1107 821 et
1121 782 1217 820 deos
1233 787 1276 820 et
1289 794 1448 820 anseres

248 848 421 886 emere.”
481 847 591 894 Quos
619 852 666 884 ut
685 847 787 884 vidit
816 846 1043 893 Oenothea,
1064 836 1290 892 “ignosce”
1317 847 1450 891 inquit

248 902 530 957 “adulescens,
549 910 719 948 sollicita
739 923 826 948 sum
847 915 917 947 tua
937 922 1062 947 causa.
1116 909 1273 946 Amoris
1293 913 1355 946 e'st
1373 907 1451 945 hoc

246 979 542 1021 argumentum,
562 986 644 1011 non
666 974 937 1020 malignitatis.
979 971 1122 1018 Itaque
1151 971 1333 1009 dabimus
1355 983 1449 1017 ope-

247 1052 345 1085 ram,
364 1051 417 1076 ne
441 1041 528 1085 quis
555 1041 664 1076 sciat.
723 1037 784 1074 Tu
803 1036 925 1074 modo
945 1036 1041 1074 deos
1066 1048 1175 1082 roga,
1194 1040 1241 1073 ut
1259 1035 1318 1073 illi
1343 1034 1450 1073 facto
1515 1027 1519 1030 ’

247 1107 318 1140 tuo
337 1102 586 1148 ignoscant.''

158 1166 229 1204 LO
320 1156 326 1211 Ι
358 1164 547 1212 Quisquis
561 1165 686 1202 habet
698 1176 894 1208 nummos,
907 1175 1044 1200 secura
1057 1155 1235 1208 navigat2
1245 1174 1341 1199 aura

357 1228 638 1274 fortunamque
658 1240 728 1265 suo
746 1231 947 1272 temperat
965 1226 1137 1262 arbitrio.

269 1342 271 1344 q
303 1292 481 1331 Uxorem
499 1291 621 1328 ducat
640 1290 809 1328 Danaen
827 1292 1036 1336 ipsumque
1055 1288 1194 1326 licebit

357 1355 555 1394 Acrisium
573 1354 711 1391 iubeat
729 1352 893 1390 credere
912 1351 1019 1398 quod
1038 1351 1216 1389 Danaen.

304 1418 486 1457 Carmina
506 1422 730 1464 componat,
751 1416 964 1461 declamet,
981 1420 1195 1461 concrepet
1215 1411 1352 1452 omnes

358 1487 402 1520 et
420 1486 587 1528 peragat
607 1493 742 1518 causas
762 1482 893 1525 sitque
914 1479 1065 1522 Catone
1084 1480 1200 1525 prior.

305 1544 613 1583 Iurisconsultus
634 1534 660 1551 “
671 1546 818 1590 parret,
838 1555 919 1579 non
938 1540 1103 1588 parret”
1126 1540 1274 1578 habeto

269 1599 273 1601 ,
358 1613 479 1655 atque
500 1612 586 1645 esto
605 1605 794 1653 quicquid
813 1600 972 1644 Servius
991 1609 1034 1642 et
1053 1603 1197 1641 Labeo.

304 1670 436 1710 Multa
454 1671 614 1717 loquor:
635 1669 742 1716 quod
761 1670 832 1714 vis,
852 1670 1025 1705 nummis
1044 1667 1321 1714 praesentibus
1339 1671 1451 1715 opta,¹

358 1739 401 1773 et
414 1737 561 1772 veniet.
612 1733 798 1770 Clausum
812 1731 989 1778 possidet
1003 1743 1093 1767 arca
1107 1729 1243 1767 Iovem
1263 1758 1271 1766 .
1295 1758 1303 1766 .
1326 1758 1334 1766 .

194 1798 229 1837 L
319 1789 325 1844 Ι
359 1797 468 1835 Infra
495 1809 636 1834 manus
658 1808 768 1833 meas
788 1794 995 1831 camellam
1016 1795 1097 1830 vini
1124 1795 1267 1839 posuit,
1289 1797 1331 1830 et
1357 1805 1447 1842 cum

247 1861 395 1908 digitos
439 1862 589 1907 pariter
632 1863 818 1896 extensos
859 1859 984 1903 porris
1022 1858 1190 1902 apioque
1228 1855 1446 1901 lustrasset,

247 1925 447 1962 abellanas
470 1935 593 1960 nuces
619 1935 710 1959 cum
729 1923 958 1968 precatione
978 1922 1116 1956 mersit
1136 1921 1177 1955 in
1197 1921 1342 1956 vinum.
1392 1917 1447 1956 Et

247 1990 329 2026 sive
357 1990 399 2025 in
428 1998 626 2024 summum
654 1984 870 2029 redierant,
890 1985 972 2020 sive
1000 1981 1274 2027 subsederant,
1294 1993 1344 2018 ex
1371 1979 1446 2018 hoc

555 2053 675 2088 ¹liceat
689 2056 835 2087 Dousa:
856 2054 948 2085 lieet.

548 2098 723 2141 ‘navigat
747 2097 975 2130 Vincentius:
997 2095 1154 2137 naviget.

360 2157 438 2190 810
