1534 2470
178 1494 229 1533 92

477 157 639 195 TITUS
671 158 982 197 PETRONIUS
1011 160 1250 198 ARBITER

257 235 406 275 deinde
426 237 576 276 foribus
595 237 740 276 invado
759 243 900 285 pectus
923 239 1172 286 amplexibus
1191 244 1235 278 et
1257 239 1460 287 perfusum

257 308 300 332 os
318 295 491 333 lacrimis
510 296 624 334 vultu
643 309 735 334 meo
754 302 929 335 contero.
981 297 1061 335 Diu
1081 311 1219 336 vocem
1238 304 1383 336 neuter
1400 301 1461 336 in-

257 356 390 400 venit3
429 367 523 391 nam
554 368 655 402 puer
687 358 810 393 etiam
840 356 1081 402 singultibus
1112 357 1260 395 crebris
1291 356 1462 395 amabile

258 418 400 460 pectus
413 418 676 460 quassaverat.
719 404 744 422 “
757 414 794 452 O
810 413 963 452 facinus
975 414 998 428 ’'
1019 417 1182 462 inquam
1203 406 1228 423 “
1239 415 1462 462 indignum,

259 475 367 523 quod
386 489 476 513 amo
495 481 538 514 te
559 479 738 523 quamvis
756 477 933 524 relictus,
955 483 998 516 et
1015 481 1058 515 in
1077 478 1154 516 hoc
1176 484 1353 526 pectore,
1373 491 1464 516 cum

258 539 403 577 vulnus
434 542 578 586 ingens
609 539 744 587 fuerit,
773 543 936 578 cicatrix
968 554 1050 579 non
1083 546 1155 579 est.
1215 541 1324 589 Quid
1351 541 1463 588 dicis,

258 605 461 650 peregrini
507 606 650 641 amoris
698 605 923 642 concessio?
999 603 1156 651 Dignus
1201 604 1276 642 hac
1321 607 1464 642 iniuria

259 666 368 703 fui?''
404 665 618 713 Postquam
649 679 691 704 se
722 669 844 704 amari
883 670 1020 714 sensit,
1054 668 1308 715 supercilium
1344 667 1463 706 altius

259 729 421 768 sustulit
442 759 449 766 .
474 759 481 767 .
505 759 513 767 .

316 783 342 800 “
355 793 441 830 Nec
454 795 596 831 amoris
608 794 816 831 arbitrium
828 793 879 831 ad
892 793 1013 831 alium
1025 794 1198 832 iudicem
1213 787 1371 832 detuli.1
1385 793 1465 832 Sed

260 855 360 893 nihil
381 858 459 893 iam
479 869 634 902 queror,
650 856 750 893 nihil
770 859 849 893 iam
867 860 1045 903 memini,
1061 860 1094 895 si
1113 857 1218 895 bona
1231 857 1309 895 fide
1329 859 1464 904 paeni-

262 922 434 957 tentiam
455 919 684 957 emendas.”
751 920 866 957 Haec
896 933 986 957 cum
1015 923 1123 958 inter
1149 923 1323 966 gemitus
1350 919 1464 957 lacri-

259 995 424 1029 masque
433 982 638 1029 fudissem,
648 982 818 1020 detersit
825 983 894 1020 ille
902 983 1022 1030 pallio
1030 983 1185 1021 vultum
1193 988 1236 1021 et
1245 974 1430 1030 “Quaeso
1437 982 1462 998 ⁰

262 1048 394 1092 inquit
424 1036 645 1092 “Encolpi,
664 1045 785 1083 fidem
814 1049 1028 1084 memoriae
1057 1051 1151 1084 tuae
1179 1046 1358 1093 appello:
1386 1058 1463 1092 ego

259 1114 303 1147 te
329 1108 486 1155 reliqui,
505 1122 557 1146 an
582 1114 628 1146 tu
654 1122 719 1146 me
746 1109 980 1155 prodidisti?
1037 1109 1235 1156 Equidem
1263 1109 1392 1147 fateor
1419 1113 1463 1147 et

260 1185 355 1219 prae
375 1185 441 1209 me
456 1171 561 1209 fero:
582 1185 672 1209 cum
688 1171 786 1210 duos
801 1177 972 1210 armatos
986 1172 1177 1219 viderem,
1192 1172 1243 1210 ad
1258 1172 1463 1210 fortiorem

261 1235 462 1281 confugi.”
513 1234 774 1272 Exosculatus
793 1240 934 1282 pectus
953 1238 1148 1282 sapientia
1166 1235 1331 1282 plenum
1344 1237 1463 1272 inieci

261 1298 479 1336 cervicibus
493 1311 646 1344 manus,
663 1303 706 1336 et
719 1303 767 1336 ut
781 1298 898 1336 facile
910 1298 1169 1345 intellegeret
1183 1298 1332 1336 redisse
1343 1300 1462 1336 mein

261 1364 432 1409 gratiam
451 1366 494 1399 et
513 1364 664 1408 optima
690 1361 769 1399 fide
796 1364 1103 1399 reviviscentem
1127 1363 1356 1407 amicitiam,
1375 1366 1464 1398 toto

260 1430 423 1472 pectore
443 1424 647 1462 adstrinxi.

315 1488 369 1526 Et
390 1490 469 1525 iam
499 1487 619 1534 plena
648 1500 728 1524 nox
759 1492 845 1525 erat
869 1488 1090 1534 mulierque
1121 1500 1244 1525 cenae
1274 1487 1462 1524 mandata

261 1556 479 1597 curaverat,
509 1563 599 1588 cum
629 1550 847 1596 Eumolpus
876 1553 1021 1588 ostium
1049 1550 1191 1597 pulsat.
1251 1549 1460 1596 Interrogo

262 1628 359 1661 ego:
388 1604 525 1660 “quot
544 1613 695 1651 estis?''
718 1614 927 1659 obiterque
954 1626 1027 1659 per
1048 1616 1189 1650 rimam
1207 1612 1301 1651 foris
1320 1625 1460 1659 specu·

259 1678 331 1715 lari
361 1677 669 1723 diligentissime
699 1679 824 1722 coepi,
844 1689 941 1713 num
961 1676 1146 1722 Ascyltos
1165 1689 1244 1714 una
1272 1678 1455 1714 venisset.

260 1740 421 1778 Deinde
439 1745 487 1777 ut
505 1739 633 1777 solum
648 1739 848 1785 hospitem
867 1739 961 1785 vidi,
976 1744 1180 1776 momento
1199 1741 1342 1786 recepi.
1384 1738 1459 1776 Ille

259 1809 305 1842 ut
323 1816 366 1841 se
385 1806 428 1840 in
445 1803 657 1849 grabatum
671 1804 811 1839 reiecit
825 1802 1005 1847 viditque
1026 1802 1174 1839 Gitona
1187 1805 1229 1839 in
1245 1806 1457 1848 conspectu

258 1869 565 1912 ministrantem,
585 1868 710 1903 movit
734 1870 853 1911 caput
869 1870 911 1902 et
927 1856 950 1872 “
961 1864 1129 1902 Laud0''
1146 1867 1277 1911 inquit
1292 1855 1461 1910 “Gany-

256 1930 427 1968 medem.
490 1929 664 1975 Oportet
691 1927 811 1965 hodie
841 1928 945 1965 bene
976 1928 1065 1965 sit.’'
1124 1928 1217 1965 Non
1243 1927 1460 1965 delectavit

257 2005 323 2032 me
351 1998 435 2031 tam
461 1994 659 2030 curiosum
686 1993 925 2038 principium
950 1993 1159 2038 timuique,
1178 2004 1230 2029 ne
1253 1993 1296 2028 in
1319 1995 1458 2028 contu-

534 2055 542 2074 ¹
557 2055 665 2088 detuli
682 2054 875 2087 Buecheler
886 2065 900 2086 .·
915 2054 978 2086 tuli
995 2055 1072 2086 and
1085 2055 1174 2088 tulit.

368 2112 445 2146 182
