1534 2470
464 192 626 231 TITUS
657 192 972 234 PETRONIUS
1000 193 1240 232 ARBITER

254 285 306 309 an
335 276 550 310 contentus
578 272 657 311 fuit
685 273 804 311 vidua
832 274 1056 321 pudicaque
1085 279 1205 312 nocte
1218 274 1234 311 ἲ
1247 274 1270 287 ”
1305 273 1460 320 Tetigit

257 348 356 382 puer
375 335 508 373 oculos
534 349 624 374 suos
651 340 1044 384 conceptissimisque
1067 340 1212 375 iuravit
1234 337 1363 376 verbis
1385 337 1459 375 sibi

256 399 306 436 ab
326 398 492 445 Ascylto
510 400 663 437 nullam
682 403 762 438 vim
782 401 928 439 factam
948 430 956 439 .
981 430 989 439 .
1012 430 1020 439 .

314 462 526 509 Positoque
541 466 583 500 in
597 463 735 502 limine
749 477 858 510 genu
874 467 929 502 sic
944 464 1181 512 deprecatus
1196 477 1282 503 sum
1297 466 1461 502 numina

258 539 393 564 versu:

259 580 570 636 “Nympharum
590 590 816 638 Bacchique
836 604 980 638 comes,
1000 604 1121 638 quem
1140 590 1304 638 pulchra
1330 590 1460 631 Dione.

258 653 447 691 divitibus
466 653 573 692 silvis
592 667 743 692 numen
763 654 890 701 dedit,
911 655 1049 693 inclita
1067 659 1182 702 paret

259 719 323 754 cui
343 716 492 755 Lesbos
511 717 726 764 viridisque
746 717 910 765 Thasos,
930 731 1051 764 quem
1072 718 1208 764 Lydus
1226 717 1366 756 adorat

259 788 418 821 semper
431 767 567 813 ovans¹
577 775 854 822 templumque
867 768 964 814 suis'
975 779 1146 823 imponit
1162 777 1368 822 Hypaepis
1383 787 1394 814 2

260 833 338 871 huc
357 833 452 871 ades
472 838 515 871 et
535 833 679 871 Bacchi
699 839 810 871 tutor
831 834 1115 880 Dryadumque
1135 834 1328 881 voluptas,

261 897 304 930 et
323 892 483 929 timidas
502 892 672 930 admitte
691 905 840 939 preces.
901 893 993 930 Non
1012 895 1205 939 sanguine
1224 894 1328 930 tristi

261 950 442 998 perfusus
462 953 592 997 venio,
611 964 693 988 non
711 951 872 997 templis
896 954 1039 998 impius
1063 951 1187 989 hostis

259 1009 417 1046 admovi
436 1009 631 1056 dextram,
650 1009 722 1047 sed
740 1012 854 1056 inops
874 1015 917 1047 et
935 1010 1053 1047 rebus
1073 1013 1210 1056 egenis

260 1071 422 1105 attritus
440 1067 594 1105 facinus
613 1081 694 1105 non
712 1073 800 1105 toto
819 1081 982 1114 corpore
1002 1068 1089 1105 feci.

262 1126 451 1173 Quisquis
462 1132 603 1173 peccat
610 1129 735 1173 inops,
743 1129 873 1163 minor
880 1131 942 1164 est
953 1139 1054 1164 reus.
1079 1126 1168 1163 Hac
1175 1139 1294 1173 prece
1302 1138 1462 1174 quaeso,

263 1198 435 1223 exonera
453 1190 633 1222 mentem
654 1185 873 1231 culpaeque
892 1187 1054 1231 ignosce
1073 1187 1228 1231 minori,

263 1249 306 1282 et
325 1243 563 1290 quandoque
582 1243 681 1280 mihi
701 1243 884 1281 fortunae
903 1246 1078 1281 arriserit
1097 1243 1206 1289 hora,

263 1315 343 1340 non
363 1305 449 1339 sine
468 1301 619 1340 honore
638 1306 753 1339 tuum
773 1304 900 1348 patiar
914 1301 1046 1339 decus.
1099 1301 1179 1339 Ibit
1197 1301 1248 1339 ad
1267 1314 1365 1348 aras,

264 1365 401 1399 sancte
420 1365 509 1398 tuas
527 1360 672 1406 hircus,
692 1362 845 1407 pecoris
865 1365 991 1406 pater,
1011 1360 1086 1397 ibit
1104 1359 1156 1397 ad
1174 1373 1259 1398 aras

264 1422 447 1465 corniger
466 1424 509 1456 et
527 1418 716 1464 querulae
735 1411 862 1455 fetus3
879 1420 972 1464 suis,
992 1417 1120 1455 hostia
1138 1418 1301 1456 lactens.

265 1478 474 1525 Spumabit
493 1480 641 1524 pateris
660 1477 809 1514 hornus
827 1476 968 1523 liquor,
985 1481 1028 1515 et
1046 1482 1110 1515 ter
1128 1482 1314 1514 ovantem

264 1540 368 1575 circa
386 1536 597 1574 delubrum
616 1549 796 1582 gressum
816 1535 921 1573 feret
940 1536 1049 1572 ebria
1067 1535 1224 1582 pubes”
1247 1564 1255 1573 .
1279 1564 1287 1573 .
1310 1564 1319 1574 .

320 1595 428 1633 Dum
443 1594 543 1632 haec
561 1607 637 1640 ago
656 1606 829 1640 curaque
848 1593 1000 1631 sollerti
1019 1593 1202 1640 deposito
1220 1606 1311 1631 meo
1330 1606 1464 1640 caveo,

265 1657 429 1693 intravit
461 1654 674 1691 delubrum
706 1665 804 1690 anus
842 1652 1024 1690 laceratis
1061 1653 1234 1689 crinibus
1271 1655 1464 1698 nigraque

265 1718 376 1752 veste
396 1712 599 1758 deformis,
619 1716 810 1757 extraque
830 1710 1072 1748 vestibulum
1094 1723 1159 1748 me
1179 1713 1326 1748 iniecta
1343 1723 1464 1749 manu

264 1773 380 1810 duxit
399 1800 408 1809 .
431 1800 439 1809 .
462 1800 471 1809 .

162 1831 272 1870 134L
323 1821 471 1877 “Quae
492 1832 635 1874 striges
664 1827 928 1866 comederunt
958 1840 1100 1865 nervos
1126 1832 1229 1873 tuos,
1259 1832 1330 1864 aut
1359 1825 1466 1873 quod

264 1893 572 1937 purgamentum
592 1891 711 1924 nocte
727 1886 887 1923 calcasti
907 1888 948 1922 in
967 1888 1084 1923 trivio
1103 1890 1173 1923 aut
1192 1885 1382 1923 cadaver?
1403 1884 1466 1922 Ne

308 1965 320 1985 ¹
332 1964 518 2005 septifluus
530 1965 619 1994 most
628 1961 729 1993 MSS.
738 1972 750 1993 .·
765 1961 1035 2002 semperflavius
1049 1961 1115 1991 cod.
1132 1961 1345 1993 Bernensis:
1361 1958 1466 1992 vesti·

264 2009 356 2041 fluus
377 2007 555 2039 Turnebus
566 2017 579 2037 :
603 2015 744 2046 semper
759 2015 873 2036 ovans
889 2004 1087 2043 Buecheler!

307 2051 664 2091 ²suissungermann
675 2059 688 2079 .·
711 2047 790 2079 tuis.

307 2093 424 2127 ⁸fetus
439 2093 654 2125 Sambucus:
676 2090 800 2129 festus,

377 2148 455 2191 298
