1534 2470
456 197 618 237 TITUS
650 198 961 238 PETRONIUS
990 199 1231 238 ARBITER

235 279 500 319 Tarentinum
530 295 616 320 esse
646 283 853 321 dominum
881 283 1046 321 huiusce
1072 286 1233 330 navigii,
1255 286 1324 330 qui
1342 282 1441 330 Try-

132 353 202 386 101
238 348 439 395 phaenam
469 350 629 387 exulem
658 350 878 388 Tarentum
908 350 1068 388 ferat?”
1128 350 1325 388 Intremui
1353 354 1444 396 post

238 415 314 453 hoc
334 415 488 454 fulmen
508 420 717 464 attonitus,
732 417 949 464 iuguloque
969 417 1133 455 detecto
1154 408 1405 463 “aliquando
1417 415 1441 430 ''

238 490 402 535 inquam
431 478 615 527 “Totum
643 502 723 536 me,
743 489 931 536 Fortuna,
960 489 1128 527 vicisti,n
1186 489 1291 526 Nam
1320 489 1444 527 Giton

241 559 404 606 quidem
423 572 539 606 super
565 573 615 607 pe
623 565 709 597 ctus
731 573 867 597 meum
890 562 1042 606 positus
1062 559 1130 597 diu
1153 562 1326 596 animam
1346 561 1441 605 egit.

242 625 403 663 Deinde
422 631 469 663 ut
489 625 634 664 effusus
653 626 772 664 sudor
795 629 1003 673 utriusque
1027 629 1210 673 spiritum
1233 628 1446 672 revocavit,

241 692 528 739 comprehendi
548 692 734 739 Eumolpi
753 706 886 739 genua
912 697 955 730 et
988 683 1014 701 “
1027 693 1220 730 Miserere
1233 691 1256 706 ’³
1283 695 1447 739 inquam

243 749 268 768 “
281 762 538 796 morientium
569 764 612 797 et
642 773 713 806 pro
752 762 950 797 consortio
982 759 1204 797 studiorum
1241 758 1447 796 commoda

243 838 426 871 manum;
455 838 560 863 mors
580 829 704 872 venit,
721 839 823 872 quae
842 828 919 863 nisi
938 839 1010 872 per
1029 831 1072 863 te
1091 838 1173 863 non
1192 825 1300 872 licet,
1313 829 1448 872 potest

244 905 330 930 esse
350 906 422 939 pro
447 892 653 930 munere.”
706 892 929 930 Inundatus
955 892 1030 930 hac
1057 892 1275 939 Eumolpus
1300 891 1449 929 invidia

245 962 349 997 iurat
369 972 441 1005 per
460 959 556 996 deos
577 959 752 1005 deasque
773 971 815 996 se
842 971 975 1005 neque
1001 961 1102 996 scire
1129 958 1225 1005 quid
1244 958 1448 1004 acciderit,

245 1039 320 1064 nec
336 1026 462 1063 ullum
478 1025 614 1063 dolum
626 1026 777 1062 malum
792 1025 954 1062 consilio
969 1025 1209 1071 adhibuisse,
1225 1024 1296 1062 sed
1310 1029 1448 1062 mente

245 1092 534 1139 simplicissima
568 1097 610 1129 et
643 1105 736 1129 vera
767 1091 844 1129 fide
876 1094 919 1128 in
949 1093 1152 1138 navigium
1190 1093 1356 1128 comites
1387 1093 1447 1128 in-

246 1159 419 1204 duxisse,
440 1171 518 1204 quo
538 1161 622 1204 ipse
643 1161 721 1195 iam
750 1157 906 1204 pridem
935 1157 1058 1195 fuerit
1084 1170 1235 1195 usurus.
1295 1147 1447 1204 “Quae

246 1231 383 1264 autem
402 1225 467 1262 hic
487 1225 653 1262 insidiae
680 1230 774 1262 sunt
788 1225 809 1238 '’
839 1227 971 1271 inquit
997 1215 1023 1232 “
1034 1229 1105 1262 aut
1130 1227 1218 1270 quis
1242 1225 1448 1262 nobiscum

249 1292 453 1330 Hannibal
486 1293 671 1338 navigat?
731 1291 873 1329 Lichas
907 1291 1160 1337 Tarentinus,
1189 1291 1308 1328 homo
1338 1303 1449 1329 vere-

248 1360 511 1398 cundissimus
542 1364 585 1396 et
615 1372 697 1395 non
728 1363 888 1396 tantum
920 1358 1038 1395 huius
1071 1360 1220 1405 navigii
1253 1357 1450 1404 dominus,

249 1426 356 1474 quod
383 1429 501 1472 regit,
531 1425 601 1463 sed
631 1424 845 1462 fundorum
874 1427 996 1462 etiam
1024 1424 1176 1470 aliquot
1206 1429 1249 1462 et
1278 1423 1450 1461 familiae

248 1496 505 1540 negotiantis,
527 1505 625 1529 onus
646 1491 910 1529 deferendum
930 1491 982 1528 ad
1007 1495 1229 1528 mercatum
1249 1490 1447 1528 conducit.

251 1561 331 1597 Hic
352 1564 414 1597 est
434 1559 601 1605 Cyclops
627 1558 695 1595 ille
724 1562 766 1595 et
792 1557 1042 1603 archipirata,
1063 1559 1127 1594 cui
1155 1562 1358 1594 vecturam
1378 1556 1448 1594 de-

249 1627 409 1669 bemus;
439 1630 482 1663 et
501 1629 659 1671 praeter
683 1624 790 1661 hunc
817 1623 1068 1670 Tryphaena,
1088 1625 1265 1660 omnium
1284 1622 1450 1660 femina-

248 1707 335 1731 rum
351 1693 643 1737 formosissima,
656 1704 757 1737 quae
773 1690 988 1736 voluptatis
1004 1703 1120 1727 causa
1134 1689 1211 1727 huc
1223 1694 1344 1735 atque
1356 1689 1450 1727 illuc

249 1759 469 1798 vectatur.”
529 1749 555 1766 “
568 1759 626 1794 Hi
645 1762 740 1795 sunt
753 1757 774 1770 ’¹
797 1760 928 1803 inquit
949 1757 1074 1794 Giton
1093 1746 1119 1764 “
1132 1769 1229 1802 quos
1244 1755 1449 1802 fugimus’'

250 1826 446 1872 simulque
466 1827 612 1871 raptim
632 1837 766 1861 causas
786 1823 966 1860 odiorum
986 1828 1029 1860 et
1054 1825 1206 1861 instans
1232 1822 1451 1869 periculum

249 1892 469 1939 trepidanti
491 1891 686 1936 Eumolpo
707 1893 881 1936 exponit.
934 1889 1128 1926 Confusus
1149 1889 1216 1926 ille
1238 1894 1280 1926 et
1300 1888 1451 1926 consilii

251 1972 375 2006 egens
404 1959 517 1995 iubet
546 1969 746 2003 quemque
772 1969 882 1993 suam
917 1958 1159 1993 sententiam
1194 1967 1375 2002 promere
1409 1960 1452 1992 et

251 2017 276 2035 “
290 2026 449 2072 Fingite
463 2025 485 2038 ''
532 2026 663 2070 inquit
708 2013 816 2059 “nos
860 2027 1020 2059 antrum
1054 2021 1235 2068 Cyclopis
1271 2024 1448 2058 intrasse.

250 2092 536 2140 Quaerendum
570 2095 632 2128 est
665 2089 825 2136 aliquod
860 2089 1063 2135 effugium.
1091 2090 1169 2125 nisi
1201 2087 1449 2133 naufragium

361 2152 439 2185 209
