1534 2470
150 854 201 891 72

453 182 616 222 TITUS
646 183 958 223 PETRONIUS
987 183 1227 222 ARBITER

229 275 365 300 meum
396 262 519 310 legat.
578 262 791 310 Inscriptio
823 276 982 310 quoque
1019 264 1111 302 vide
1148 264 1367 310 diligenter
1402 265 1435 303 si

230 346 330 385 haec
349 349 444 385 satis
462 347 608 385 idonea
626 347 702 385 tibi
721 347 900 386 videtur:
929 337 1005 386 “C.
1029 347 1241 395 Pompeius
1266 347 1434 386 Trimal-

229 430 320 468 chio
350 430 678 468 Maecenatianus
708 430 774 468 hic
811 433 1036 478 requiescit.
1097 431 1206 469 Huic
1242 433 1435 470 seviratus

228 515 385 552 absenti
405 514 591 552 decretus
611 519 683 553 est.
729 514 829 552 Cum
848 520 984 562 posset
1002 517 1045 552 in
1063 515 1246 554 omnibus
1264 514 1434 553 decuriis

234 598 381 636 Romae
412 611 512 644 esse,
542 603 680 636 tamen
711 598 851 636 noluit.
912 598 1017 645 Pius,
1050 597 1176 645 fortis,
1210 598 1351 645 fidelis,
1384 610 1432 636 ex

231 695 351 730 parvo
381 685 520 729 crevit,
548 684 779 720 sestertium
806 682 970 729 reliquit
997 684 1228 729 trecenties,
1256 695 1332 720 nec
1359 694 1433 720 un·

231 780 350 813 quam
370 766 651 813 philosophum
670 765 833 804 audivit.
894 766 1012 804 Vale:
1042 771 1086 804 et
1105 765 1176 805 tu!
1190 765 1214 780 ”

287 851 403 888 Haec
436 854 483 888 ut
515 849 618 887 dixit
655 849 908 896 Trimalchio,
941 848 1036 887 flere
1075 852 1208 896 coepit
1244 849 1430 887 ubertim.

232 933 374 971 Flebat
393 938 437 971 et
457 933 687 979 Fortunata,
707 932 829 970 flebat
848 937 891 970 et
913 933 1135 979 Habinnas,
1154 937 1241 970 tota
1259 932 1433 979 denique

231 1017 393 1064 familia,
413 1022 604 1064 tanquam
623 1019 666 1054 in
690 1016 809 1055 funus
832 1021 983 1063 rogata,
1003 1016 1292 1054 lamentatione
1310 1015 1433 1054 tricli-

230 1104 343 1139 nium
362 1101 554 1148 implevit.
615 1101 743 1138 Immo
762 1103 842 1138 iam
862 1113 1071 1147 coeperam
1097 1103 1220 1138 etiam
1246 1112 1322 1146 ego
1347 1099 1432 1147 plo-

230 1198 330 1232 rare,
356 1198 448 1223 cum
473 1184 714 1222 Trimalchio
740 1174 766 1192 “
779 1184 886 1230 Ergo
899 1184 921 1197 ”
950 1187 1082 1230 inquit
1108 1174 1132 1192 ‘⁶
1146 1196 1237 1222 cum
1265 1186 1432 1222 sciamus

229 1281 302 1307 nos
321 1271 532 1306 morituros
552 1281 651 1314 esse,
672 1280 793 1314 quare
812 1280 894 1305 non
913 1268 1114 1305 vivamus?
1170 1266 1235 1306 Sic
1257 1279 1326 1305 vos
1345 1266 1434 1304 feli-

231 1366 297 1391 ces
315 1352 486 1398 videam,
506 1354 746 1389 coniciamus
765 1364 837 1389 nos
856 1353 899 1388 in
918 1351 1120 1397 balneum,
1133 1363 1224 1388 meo
1243 1350 1433 1397 periculo,

230 1449 311 1474 non
331 1436 566 1483 paenitebit.
625 1434 691 1473 Sic
710 1434 815 1472 calet
834 1439 1025 1481 tanquam
1044 1433 1222 1472 furnus.”
1278 1424 1304 1442 “
1319 1434 1433 1480 Vero,

230 1519 362 1566 vero,”
382 1522 514 1565 inquit
535 1519 745 1556 Habinnas
765 1509 790 1526 “
798 1518 850 1556 de
869 1531 949 1556 una
968 1518 1034 1556 die
1053 1518 1151 1555 duas
1170 1517 1315 1564 facere,
1333 1516 1432 1554 nihil

229 1603 365 1641 malo’'
386 1602 583 1649 nudisque
599 1604 845 1640 consurrexit
859 1601 1028 1649 pedibus
1043 1606 1086 1639 et
1100 1600 1432 1639 Trimalchionem

229 1679 505 1735 plaudentem¹
530 1687 716 1733 subsequi
736 1687 879 1732 coepit.

284 1771 371 1818 Ego
386 1773 601 1817 respiciens
616 1769 667 1806 ad
682 1768 877 1815 Ascylton
890 1758 1032 1814 “Quid
1048 1766 1254 1813 cogitas?”
1271 1769 1431 1813 inquam

228 1845 255 1865 “
267 1867 343 1901 ego
381 1857 489 1892 enim
527 1856 559 1891 si
598 1852 733 1890 videro
775 1851 976 1897 balneum,
1015 1853 1152 1888 statim
1199 1848 1430 1896 expirabo.”

228 1929 560 1976 “Assentemur''
581 1938 638 1973 ait
657 1934 725 1972 ille
746 1924 826 1972 “et
846 1934 942 1971 dum
969 1933 1027 1970 illi
1058 1933 1245 1971 balneum
1271 1936 1430 1978 petunt,

496 2061 744 2104 1plaudentem
753 2059 900 2101 Jacobs:
924 2058 1155 2101 gaudentem.

346 2135 420 2167 140
