1534 2470
149 863 202 902 66

442 213 605 252 TITUS
636 213 947 252 PETRONIUS
977 212 1214 250 ARBITER

221 297 416 341 tinuoque
439 297 576 332 vinum
600 299 643 332 et
669 294 823 331 caldam
845 296 1036 340 poposcit.
1096 292 1332 330 Delectatus
1349 291 1425 329 hac

223 357 463 395 Trimalchio
500 350 702 395 hilaritate
741 362 784 395 et
821 360 907 403 ipse
955 358 1200 403 capaciorem
1246 357 1426 402 poposcit

224 421 419 468 scyphum
473 423 759 468 quaesivitque,
815 419 1013 467 quomodo
1066 424 1255 466 acceptus
1308 423 1424 461 esset,

227 475 439 523 “Omnia’'
476 487 608 530 inquit
638 475 880 521 “habuimus
909 488 1068 530 praeter
1095 487 1160 528 te3
1188 482 1292 519 oculi
1321 484 1428 519 enim

226 551 307 586 mei
325 547 391 585 hic
411 553 535 585 erant.
596 547 650 584 Et
669 546 918 584 mehercules
939 547 1043 583 bene
1062 545 1149 583 fuit.
1201 545 1328 583 Scissa
1345 544 1428 581 lau-

226 616 314 648 tum
352 609 589 647 novendiale
627 622 740 647 servo
778 622 848 646 suo
889 608 1045 645 misello
1086 607 1271 653 faciebat,
1309 619 1428 653 quem

227 679 430 711 mortuum
448 687 569 710 manu
588 675 760 710 miserat.
821 671 875 709 Et
898 676 1009 718 puto,
1033 684 1124 708 cum
1150 671 1430 708 vicensimariis

228 750 415 783 magnam
440 739 672 774 mantissam
695 735 839 780 habet3
859 737 1149 780 quinquaginta
1177 736 1285 771 enim
1312 732 1431 770 milli-

230 802 303 838 bus
335 802 550 837 aestimant
582 804 794 836 mortuum.
855 797 934 835 Sed
968 803 1106 834 tamen
1136 799 1309 834 suaviter
1341 795 1431 841 fuit,

231 867 352 901 etiam
373 866 404 901 si
423 865 549 900 coacti
569 875 703 900 sumus
723 861 906 899 dimidias
926 863 1108 907 potiones
1122 872 1241 906 super
1254 858 1434 896 ossucula

232 931 316 966 eius
343 926 586 964 effundere.”
647 916 863 962 “Tamen'’
886 927 1016 970 inquit
1039 922 1278 960 Trimalchio
1305 913 1435 968 “quid

231 990 425 1028 habuistis
439 993 482 1026 in
497 989 652 1026 cena?”
674 979 882 1026 “Dicam”
904 990 1035 1034 inquit
1055 977 1120 1024 “si
1135 991 1302 1033 potuero
1312 998 1322 1031 ;
1340 998 1434 1022 nam

232 1059 316 1091 tam
336 1054 464 1091 bonae
483 1054 698 1089 memoriae
712 1065 812 1096 sum,
828 1056 874 1088 ut
889 1050 1123 1096 frequenter
1136 1061 1285 1086 nomen
1298 1061 1432 1085 meum

233 1117 448 1155 obliviscar.
501 1116 727 1152 Habuimus
746 1120 884 1151 tamen
903 1116 945 1150 in
964 1115 1091 1159 primo
1110 1125 1274 1159 porcum
1292 1110 1434 1158 poculo

234 1185 466 1218 coronatum
497 1184 540 1216 et
571 1181 673 1216 circa
703 1169 998 1215 sav1unculum¹
1031 1181 1074 1213 et
1103 1178 1251 1222 gizeria
1283 1177 1432 1221 optime

235 1244 340 1281 facta
359 1248 402 1281 et
421 1248 530 1280 certe
550 1243 686 1279 betam
707 1246 749 1279 et
767 1253 913 1287 panem
931 1244 1169 1286 autopyrum
1188 1238 1239 1276 de
1258 1251 1328 1276 suo
1347 1237 1433 1283 sibi,

235 1321 354 1354 quem
374 1319 449 1352 ego
464 1306 569 1343 malo
589 1318 707 1351 quam
723 1304 958 1349 candidum3
978 1308 1021 1340 et
1034 1305 1136 1340 vires
1159 1301 1267 1348 facit,
1284 1306 1326 1339 et
1345 1313 1434 1338 cum

235 1384 325 1408 mea
352 1383 396 1407 re
426 1360 601 1415 [causa]²
625 1368 739 1414 facio,
759 1381 840 1404 non
860 1367 981 1414 ploro.
1033 1366 1212 1412 Sequens
1241 1364 1434 1402 ferculum

235 1434 313 1471 fuit
331 1433 508 1470 scriblita
527 1431 672 1477 frigida
691 1436 735 1469 et
756 1443 875 1477 super
897 1429 978 1467 mel
998 1428 1156 1466 caldum
1174 1427 1350 1464 infusum
1369 1439 1435 1464 ex-

236 1497 410 1534 cellente
438 1496 675 1542 Hispanum.
736 1494 877 1540 Itaque
897 1493 948 1530 de
968 1491 1144 1530 scriblita
1169 1490 1331 1537 quidem
1355 1503 1437 1527 non

235 1563 445 1598 minimum
465 1559 543 1604 edi,
564 1558 615 1595 de
635 1557 757 1595 melle
776 1570 842 1594 me
862 1569 987 1602 usque
1007 1557 1136 1601 tetigi.
1196 1554 1308 1591 Circa
1333 1556 1437 1590 cicer

237 1629 281 1662 et
310 1623 504 1669 lupinum,
529 1621 662 1658 calvae
695 1621 888 1657 arbitratu
920 1624 963 1657 et
992 1618 1096 1655 mala
1125 1617 1290 1663 singula.
1349 1616 1436 1662 Ego

236 1692 373 1725 tamen
396 1686 476 1723 duo
502 1684 643 1722 sustuli
671 1689 713 1721 et
737 1697 830 1721 ecce
854 1685 896 1720 in
925 1695 1069 1728 mappa
1095 1681 1258 1727 alligata
1285 1679 1434 1723 habeo3

237 1764 330 1787 nam
349 1752 382 1787 si
400 1748 550 1795 aliquid
572 1750 748 1785 muneris
771 1759 861 1784 meo
885 1745 1072 1782 vernulae
1098 1757 1179 1781 non
1204 1743 1347 1788 tulero,
1367 1742 1436 1779 ha-

237 1814 340 1851 bebo
360 1815 591 1850 convicium.
637 1811 748 1847 Bene
767 1823 833 1847 me
852 1809 1043 1846 admonet
1062 1807 1222 1844 domina
1240 1818 1339 1843 mea.
1386 1804 1434 1841 In

238 1881 449 1924 prospectu
468 1875 677 1911 habuimus
701 1876 857 1910 ursinae
882 1872 1064 1916 frustum,
1085 1870 1136 1908 de
1156 1882 1234 1915 quo
1253 1882 1343 1906 cum
1362 1871 1435 1904 im-

237 1939 412 1987 prudens
432 1937 614 1976 Scintilla
635 1941 847 1982 gustasset,
869 1947 996 1982 paene
1013 1935 1205 1971 intestina
1217 1945 1286 1970 sua
1300 1944 1434 1968 vomu-

425 2050 687 2084 ¹saviuncu1um
704 2048 956 2081 Hildebrand:
978 2047 1240 2079 saucunculum.

423 2102 437 2123 ²
447 2114 559 2135 causa
574 2101 749 2133 bracketed
762 2100 806 2142 by
821 2099 1018 2132 Buecheler.

354 2168 429 2200 124
