1500 2470
119 1016 168 1050 53

413 195 574 235 TITUS
606 197 918 236 PETRONIUS
947 198 1190 236 ARBITER,

192 287 342 312 cenam.
403 276 592 313 Ceterum
621 277 805 315 laudatus
835 277 1076 315 Trimalchio
1103 278 1267 316 hilarius
1295 278 1398 317 bibit

193 347 236 380 et
250 345 328 379 iam
345 343 455 380 ebrio
470 346 672 389 proximus
693 335 857 382 “Nemo
867 345 889 358 ”
910 348 1043 392 inquit
1057 336 1269 383 “vestrum
1282 351 1399 392 rogat

194 409 454 446 Fortunatam
474 423 619 457 meam,
639 415 686 448 ut
705 411 849 449 saltet?
879 411 1042 449 Credite
1056 412 1175 449 mihi:
1191 411 1398 450 cordacem

193 489 312 514 nemo
332 476 474 514 melius
495 477 644 515 ducit.'’

248 543 385 589 Atque
414 547 499 590 ipse
530 548 674 582 erectis
704 559 822 592 supra
850 545 1027 584 frontem
1050 547 1232 584 manibus
1255 547 1400 593 Syrum

195 610 430 648 histrionem
451 611 668 649 exhibebat
688 615 928 651 concinente
957 618 1044 651 tota
1072 613 1240 651 familia:
1270 612 1400 660 μάδεισ.

195 676 421 723 περιμάδεια.
481 678 534 715 Et
563 679 762 725 prodisset
789 682 831 716 in
860 680 1052 726 medium,
1078 683 1155 717 nisi
1183 680 1400 718 Fortunata

195 743 246 781 ad
275 757 412 781 aurem
441 747 692 790 accessisset3
724 736 801 791 [et]
831 746 963 792 credo,
990 746 1137 784 dixerit
1156 760 1237 783 non
1256 746 1401 784 decere

195 814 435 857 gravitatem
465 814 550 849 eius
579 817 662 849 tam
691 812 863 850 humiles
892 815 1074 859 ineptias.
1134 813 1245 850 Nihil
1265 817 1402 850 autem

196 883 280 915 tam
294 878 504 924 inaequale
521 884 627 923 erat3
647 892 739 915 nam
760 879 878 916 modo
899 879 1158 917 Fortunatam
1178 880 1402 925 verebatur,

196 945 316 982 modo
335 944 387 982 ad
407 950 591 982 naturam
611 959 723 982 suam
742 937 1048 983 revertebatur.1

254 1012 309 1049 Et
332 1012 451 1058 plane
480 1013 753 1059 interpellavit
783 1013 1003 1050 saltationis
1032 1013 1240 1051 libidinem
1268 1018 1402 1051 actua—

197 1082 290 1126 rius,
310 1083 378 1126 qui
399 1085 590 1127 tanquam
610 1081 717 1118 urbis
736 1086 825 1118 acta
840 1083 1042 1119 recitavit:
1065 1071 1188 1118 “V11.
1210 1080 1403 1118 kalendas

198 1147 379 1185 sextiles:
409 1150 451 1184 in
474 1148 637 1194 praedio
662 1148 852 1194 Cumano,
872 1148 979 1194 quod
1003 1153 1066 1185 est
1088 1147 1404 1194 Trimalchionis,

198 1217 283 1251 nati
306 1219 401 1252 sunt
424 1217 538 1261 pueri
567 1227 656 1261 xxx,
678 1215 836 1261 puellae
865 1227 932 1260 xm
962 1215 1118 1252 sublata
1146 1217 1188 1251 in
1215 1215 1402 1252 horreum

199 1294 249 1318 ex
268 1293 360 1317 area
379 1283 502 1318 tritici
523 1281 648 1318 millia
662 1281 840 1318 modium
856 1284 1098 1328 quingenta3
1127 1281 1247 1318 boves
1262 1281 1402 1318 domiti

199 1351 422 1394 quingenti.
474 1347 628 1385 Eodem
648 1348 735 1385 die:
765 1348 1023 1386 Mithridates
1043 1360 1177 1385 servus
1189 1350 1232 1385 in
1247 1360 1403 1385 crucem

199 1420 311 1452 actus
331 1420 406 1461 est,
422 1418 514 1461 quia
535 1415 609 1452 Gai
629 1418 754 1453 nostri
772 1420 893 1462 genio
911 1415 1016 1452 male
1036 1415 1201 1452 dixerat.
1252 1413 1403 1451 Eodem

200 1481 286 1519 die:
315 1485 357 1518 in
377 1495 508 1519 arcam
527 1482 700 1519 relatum
724 1486 799 1528 est,
819 1481 926 1528 quod
950 1481 1132 1519 collocari
1155 1494 1236 1518 non
1259 1483 1403 1527 potuit,

201 1551 431 1586 sestertium
462 1551 624 1586 centies.
686 1549 840 1586 Eodem
871 1549 956 1586 die:
993 1548 1224 1586 incendium
1254 1547 1404 1585 factum

201 1621 264 1653 est
290 1618 333 1652 in
362 1615 487 1652 hortis
519 1616 782 1662 Pompeianis,
815 1620 947 1652 ortum
978 1628 1027 1653 ex
1061 1614 1225 1652 aedibus
1256 1614 1404 1652 Nastae

203 1682 345 1720 vilici.''
394 1673 606 1729 ,“Quid?'’
651 1686 783 1729 inquit
813 1682 1052 1720 Trimalchio
1085 1672 1277 1728 “quando
1306 1681 1404 1718 mihi

204 1750 434 1796 Pompeiani
453 1749 559 1787 horti
580 1753 706 1796 empti
722 1749 871 1787 sunt?”
923 1739 1076 1786 “Anno
1091 1748 1252 1795 priore'‘
1274 1750 1405 1794 inquit

201 1819 398 1854 actuarius
430 1807 507 1854 “et
536 1817 628 1854 ideo
658 1819 700 1853 in
731 1819 927 1853 rationem
957 1815 1136 1853 nondum
1166 1814 1403 1852 venerunt.”

202 1883 429 1920 Excanduit
448 1883 689 1920 Trimalchio
709 1888 752 1921 et
780 1874 1086 1929 “Quicunque'’
1115 1885 1247 1928 inquit
1275 1872 1405 1918 “mihi

203 1950 317 1988 fundi
338 1953 465 1997 empti
484 1950 647 1996 fuerint,
668 1953 743 1987 nisi
764 1953 869 1987 intra
888 1955 1047 1987 sextum
1066 1962 1246 1986 mensem
1266 1951 1404 1992 sciero,

244 2036 486 2070 ¹fortunatam
507 2048 608 2068 suam
627 2037 873 2068 revertebatur
891 2036 997 2068 modo
1020 2036 1068 2068 ad
1091 2040 1259 2069 naturam
1282 2035 1402 2074 MSS„

203 2082 375 2114 corrected
387 2082 426 2122 by
442 2081 620 2112 Heinsius
635 2081 712 2112 and
724 2080 921 2112 Buecheler.

310 2144 362 2183 92
