1534 2470
163 816 236 849 123

483 200 645 240 TITUS
675 202 988 242 PETRONIUS
1017 202 1256 241 ARBITER

263 279 394 319 iudice
414 280 590 318 Fortuna
609 282 726 320 cadat
743 282 840 320 alea.
899 282 1056 321 Sumite
1074 282 1226 321 bellum

263 344 307 377 et
325 344 524 386 temptate
543 354 694 378 manus.
754 340 873 378 Certe
892 354 983 379 mea
1001 354 1118 379 causa
1136 347 1298 389 peraeta
1317 347 1400 381 est:

262 401 370 436 inter
388 404 452 437 tot
471 398 596 437 fortes
615 404 790 437 armatus
809 402 944 437 nescio
964 400 1094 438 vinci.’

320 458 436 495 Haec
455 458 524 495 ubi
543 461 763 504 personuit,
783 458 835 496 de
855 458 966 496 caelo
985 458 1206 506 Delphicus
1225 459 1307 497 ales

264 519 398 554 omina
415 516 523 554 laeta
541 517 656 554 dedit
675 517 912 564 pepulitque
930 518 1128 556 meatibus
1146 531 1270 555 auras.

265 575 352 613 Nec
371 588 454 612 non
472 575 661 613 horrendi
680 578 853 614 nemoris
873 575 924 614 de
943 581 1057 623 parte
1077 579 1235 614 sinistra

264 634 447 672 insolitae
467 647 584 672 voces
603 634 760 672 flamma
778 647 947 672 sonuere
967 638 1162 682 sequenti.
1387 637 1464 673 180

267 693 358 740 Ipse
378 696 484 730 nitor
505 693 656 731 Phoebi
675 693 837 739 vulgato
856 693 998 731 laetior
1017 694 1112 732 orbe

266 755 391 790 crevit
411 757 454 790 et
471 757 610 790 aurato
628 755 851 799 praecinxit
869 752 1028 799 fulgure
1047 753 1191 792 vultus.

268 811 423 849 Fortior
441 812 638 849 ominibus
657 814 783 849 movit
802 811 998 849 Mavortia
1015 814 1130 858 signa

267 871 410 908 Caesar
428 875 471 908 et
490 870 669 908 insolitos
687 883 826 916 gressu
845 873 951 917 prior
970 875 1138 918 occupat
1155 884 1282 909 ausus.

270 930 399 967 Prima
418 929 581 976 quidem
600 929 747 975 glacies
767 934 810 967 et
830 943 928 966 cana
946 932 1080 967 vincta
1097 933 1238 977 pruina

267 1002 348 1026 non
368 991 562 1035 pugnavit
572 988 725 1026 -humus
743 991 912 1035 mitique
931 988 1092 1026 horrore
1111 991 1272 1035 quievit.

269 1048 350 1087 Sed
370 1053 581 1095 postquam
601 1053 756 1085 turmae
776 1048 932 1085 nimbos
951 1047 1110 1094 fregere
1128 1047 1272 1094 ligatos

269 1112 312 1146 et
330 1106 495 1154 pavidus
515 1106 740 1153 quadrupes
759 1106 955 1143 undarum
972 1105 1130 1143 vincula
1146 1109 1268 1153 rupit,

269 1166 470 1204 incaluere
490 1168 612 1203 nives.
672 1165 769 1202 Mox
788 1164 950 1202 flumina
967 1165 1170 1203 montibus
1188 1164 1280 1203 altis

269 1225 476 1263 undabant
494 1223 614 1262 modo
632 1228 739 1270 nata,
760 1223 832 1261 sed
851 1223 949 1261 haec
969 1226 1287 1270 quoque—iussa
1510 1251 1512 1253 -

323 1288 540 1331 putares—
1392 1287 1469 1327 190

271 1344 443 1389 stabant,
465 1347 508 1380 et
527 1345 662 1379 vineta
679 1341 821 1378 fluctus
842 1346 1031 1387 stupuere
1050 1332 1194 1388 ruina,1

272 1407 315 1440 et
334 1401 453 1449 paulo
471 1406 566 1438 ante
586 1400 672 1438 lues
691 1403 770 1437 iam
790 1399 1036 1437 concidenda
1055 1400 1220 1437 iacebat.

271 1461 375 1499 Tum
393 1473 487 1498 vero
505 1459 610 1497 male
630 1459 707 1496 fida
726 1461 833 1506 prius
852 1461 1020 1504 vestigia
1037 1458 1133 1496 lusit

272 1520 513 1566 decepitque
533 1518 678 1565 pedes;
706 1521 854 1564 pariter
867 1522 1101 1564 turmaeque
1114 1519 1265 1564 virique

272 1591 459 1625 armaque
479 1582 670 1623 congesta
688 1581 797 1614 strue
817 1575 1023 1622 deplorata
1041 1576 1235 1614 iacebant.

273 1638 378 1675 Ecce
399 1639 521 1674 etiam
540 1635 669 1682 rigido
688 1647 900 1672 concussae
919 1634 1077 1672 flamine
1096 1635 1223 1672 nubes

273 1696 603 1741 exonerabantur,
619 1707 695 1732 nec
713 1696 822 1740 rupti
840 1694 1001 1731 turbine
1019 1696 1131 1731 venti

273 1756 417 1794 derant
434 1759 505 1792 aut
523 1753 678 1791 tumida
697 1752 943 1790 confractum
961 1752 1156 1798 grandine
1175 1752 1339 1791 caelum.

186 1814 254 1854 LO
275 1815 390 1862 Ipsae
410 1816 488 1850 iam
508 1813 635 1849 nubes
654 1816 796 1858 ruptae
816 1824 935 1858 super
953 1824 1062 1847 arma
1081 1810 1292 1858 cadebant,

273 1879 316 1912 et
335 1877 522 1910 concreta
539 1870 633 1917 gelu
653 1872 767 1916 ponti
786 1869 898 1907 velut
916 1869 1023 1906 unda
1042 1870 1194 1907 ruebat.
1390 1873 1469 1907 200

272 1933 389 1969 Victa
408 1935 495 1968 erat
513 1931 670 1975 ingenti
688 1928 809 1966 tellus
827 1930 919 1964 nive
939 1930 1122 1973 victaque
1142 1927 1242 1965 caeli

273 1988 415 2032 sidera,
434 1988 539 2023 victa
558 1987 637 2021 suis
656 1983 863 2020 haerentia
881 1982 1042 2019 flumina
1061 1985 1176 2028 ripis;

273 2042 452 2080 nondum
471 2040 615 2078 Caesar
634 2043 733 2084 erat,
753 2038 824 2076 sed
844 2050 1031 2083 magnam
1050 2039 1166 2075 nixus
1184 2040 1227 2074 in
1242 2037 1396 2075 hastam

633 2102 646 2122 ¹
657 2102 758 2134 ruina
773 2101 896 2134 Reiske
906 2111 919 2133 .·
940 2100 1078 2143 pruina.

384 2154 463 2194 266
