1534 2470
442 188 603 228 TITUS
635 188 945 231 PETRONIUS
976 190 1213 231 ARBITER

221 267 301 306 lam
313 269 550 315 perbonam3
566 270 783 317 hospitium
797 271 974 319 hospites
987 277 1103 320 capit.
1135 274 1201 311 Ad
1216 287 1422 320 summam,

224 335 393 373 Scaurus
420 349 511 373 cum
538 336 618 374 huc
637 341 761 384 venit,
781 351 978 385 nusquam
999 339 1192 378 mavoluit
1219 339 1423 387 hospitari,

225 408 268 440 et
286 402 411 441 habet
429 403 480 441 ad
499 417 608 442 mare
627 409 841 452 paternum
860 406 1089 454 hospitium.
1130 407 1185 445 Et
1202 407 1330 445 multa
1348 407 1424 444 alia

224 475 332 516 sunt,
370 484 472 517 quae
511 474 647 509 statim
684 473 795 510 vobis
832 473 1053 511 ostendam.
1107 474 1268 512 Credite
1305 473 1424 523 mihi:

224 550 352 575 assem
390 537 550 584 habeas,
579 552 708 576 assem
738 540 889 585 valeas;
927 540 1063 587 habes,
1097 540 1317 579 habeberis.
1360 541 1425 579 Sic

225 607 373 642 amicus
394 611 539 652 vester,
560 609 627 652 qui
658 606 736 644 fuit
762 620 868 653 rana,
896 621 1004 645 nunc
1030 613 1092 646 est
1117 621 1197 646 rex.
1244 608 1422 646 Interim.

227 671 377 718 Stiche,
398 672 532 719 profer
550 673 697 719 vitalia,
713 676 756 711 in
768 675 910 720 quibus
926 674 1014 712 volo
1033 688 1098 712 me
1118 675 1257 713 efferri.
1290 675 1426 712 Profer

227 748 270 781 et
303 748 558 789 unguentum
588 745 632 778 nt
663 753 712 778 ex
743 741 811 778 illa
841 741 1032 788 amphora
1061 747 1237 789 gustum,
1267 755 1315 781 ex
1349 755 1427 789 qua

225 811 343 848 iubeo
363 810 483 847 lavari
503 823 589 847 ossa
608 811 735 847 mea.''

283 878 375 914 Non
406 882 468 915 est
497 882 672 914 moratus
703 877 877 923 Stichus,
897 877 968 914 sed
995 882 1037 915 et
1062 877 1278 923 stragulam
1297 877 1427 914 albam

229 949 272 982 et
309 949 559 990 praetextam
597 947 638 980 in
676 944 893 981 triclinium
930 943 1069 981 attulit
1113 972 1378 981 ......

229 1014 422 1057 iussitque
438 1024 510 1048 nos
525 1016 738 1058 temptare,
753 1024 805 1048 an
824 1011 937 1048 bonis
955 1011 1056 1048 lanis
1071 1016 1207 1048 essent
1232 1010 1424 1048 confecta.

229 1078 332 1115 Tum
363 1078 573 1115 subridens
608 1069 744 1115 “Vide
774 1078 852 1115 tu”
887 1080 1019 1124 inquit
1057 1068 1242 1123 “Stiche,
1270 1090 1324 1115 ne
1352 1080 1428 1115 ista

230 1158 362 1183 mures
389 1150 560 1191 tangant
579 1150 648 1182 aut
675 1145 831 1182 tineae?
859 1144 1034 1191 alioquin
1053 1149 1095 1182 te
1115 1147 1248 1181 vivum
1267 1145 1425 1181 combu⁴

231 1225 325 1249 ram.
358 1212 445 1258 Ego
465 1212 657 1258 gloriosus
678 1211 765 1248 volo
786 1211 927 1257 efferri,
948 1216 994 1248 ut
1013 1216 1122 1249 totus
1142 1211 1239 1248 mihi
1259 1211 1428 1258 populus

231 1280 334 1317 bene
369 1279 650 1325 imprecetur.''
701 1278 846 1316 Statim
878 1277 1094 1324 ampullam
1126 1277 1240 1314 nardi
1273 1281 1430 1324 aperuit

231 1359 449 1392 omnesque
479 1359 551 1382 nos
578 1348 693 1382 unxit
719 1350 762 1383 et
782 1336 971 1391 “Spero”
993 1347 1124 1391 inquit
1143 1335 1355 1382 “futurum
1383 1350 1431 1382 ut

232 1427 358 1459 aeque
396 1426 461 1450 me
492 1418 694 1449 mortuum
732 1415 842 1449 iuvet
874 1417 1065 1458 tanquam
1097 1411 1268 1448 vivum.''
1327 1411 1428 1448 Nam

232 1483 368 1518 vinum
397 1480 560 1526 quidem
579 1482 621 1515 in
640 1482 835 1516 vinarium
865 1481 978 1516 iussit
1008 1478 1166 1515 infundi
1189 1483 1232 1515 et
1252 1468 1430 1516 “Putate

232 1547 331 1585 vos''
354 1550 410 1584 ait
431 1538 513 1583 “ad
534 1546 753 1592 parentalia
772 1558 862 1583 mea
879 1548 1067 1583 invitatos
1086 1545 1211 1583 esse.'’

289 1615 380 1652 Ibat
416 1627 478 1651 res
516 1613 567 1650 ad
606 1627 800 1650 summam
831 1625 1032 1658 nauseam,
1065 1625 1155 1649 cum
1192 1611 1430 1649 Trimalchio

233 1682 430 1719 ebrietate
445 1683 671 1726 turpissima
689 1682 819 1725 gravis
834 1692 980 1716 novum
995 1691 1185 1724 acroama,
1199 1680 1429 1723 cornicines,

232 1751 275 1785 in
311 1747 531 1784 triclinium
575 1748 689 1783 iussit
732 1745 889 1790 adduci,
927 1745 1131 1790 fultusque
1176 1744 1431 1782 cervicalibus

233 1815 371 1852 multis
387 1814 572 1851 extendit
587 1826 629 1850 se
646 1825 764 1858 super
777 1818 909 1849 torum
925 1817 1148 1849 extremum
1169 1816 1211 1849 et
1228 1800 1260 1818 ‘¹
1272 1811 1430 1856 Fingite

232 1881 333 1919 me’'
370 1883 502 1926 inquit
534 1870 777 1916 “mortuum
811 1892 906 1916 esse.
954 1878 1088 1915 Dicite
1120 1876 1270 1923 aliquid
1294 1876 1430 1914 belli.”

233 1949 486 1986 Consonuere
507 1949 726 1983 cornicines
744 1946 902 1983 funebri
922 1947 1103 1991 strepitu.
1154 1944 1267 1982 Unus
1281 1946 1431 1990 praeci-

232 2024 311 2059 pue
331 2023 466 2048 servus
485 2009 691 2047 libitinarii
710 2008 828 2055 illius,
844 2010 911 2054 qui
927 2011 1034 2045 inter
1047 2007 1118 2044 hos
1132 2006 1431 2044 honestissimus

233 2079 331 2120 erat,
352 2079 436 2111 tam
455 2072 571 2110 valde
591 2074 782 2118 intonuit,
801 2076 847 2108 ut
858 2076 986 2109 totam
1001 2072 1221 2108 concitaret
1234 2072 1428 2115 viciniam,

345 2142 357 2172 1
371 2141 420 2173 54
