1534 2470
691 206 1037 246 FRAGMENTA

827 342 886 381 IV

311 403 483 442 Sidonius
497 404 729 451 Apollinaris
746 406 917 444 carminis
935 407 1090 446 XXIII
1093 423 1107 446 .-

474 468 571 514 quid
590 481 659 506 vos
679 469 828 516 eloquii
848 483 988 507 canam
1008 470 1155 519 Latini,

473 531 659 578 Arpinas,
682 531 887 580 Patavine,
907 534 1129 572 Mantuane
1139 536 1210 572 ?—-

474 595 528 633 Et
546 600 590 633 te
610 596 919 635 Massiliensium
938 611 1011 644 per
1029 597 1165 636 hortos

473 662 572 697 sacri
591 662 753 707 stipitis,
773 660 950 708 Arbiter,
970 661 1155 700 colonum

474 722 808 770 Hellespontiaco
826 737 964 770 parem
985 724 1151 772 Priapo?

838 838 873 875 V

307 901 520 939 Priscianus
549 900 808 939 institutionum
845 901 952 939 VIII
984 903 1038 940 16
1063 915 1103 949 p.
1137 904 1216 941 381
1247 909 1282 941 et
1309 903 1378 942 XI
1400 905 1454 942 29

249 978 286 1012 p.
309 965 392 1003 567
415 964 566 1002 Hertzii
588 964 682 1002 inter
703 964 867 1011 exempla
896 964 1026 1012 quibus
1053 965 1303 1012 deponentium
1329 966 1454 1005 verbo-

251 1042 330 1065 rum
342 1027 545 1075 participia
558 1027 751 1074 praeteriti
769 1028 939 1074 temporis
953 1028 1138 1075 passivam
1156 1029 1453 1076 significationem

250 1091 383 1129 habere
400 1091 566 1128 declarat
580 1105 593 1128 :
627 1091 838 1129 Petronius
855 1082 882 1099 “
888 1094 1061 1129 animam
1075 1097 1212 1130 nostro
1226 1092 1451 1140 amplexam

250 1154 444 1202 pectore‘'

824 1217 879 1263 vb

303 1291 480 1329 Boethius
499 1290 537 1327 in
556 1289 799 1337 Porphyrium
819 1303 843 1326 a
868 1289 1050 1327 Victorino
1069 1289 1284 1327 translatum
1301 1290 1450 1338 dialogo
1512 1311 1519 1326 ,-

250 1354 299 1392 ΙΙ
309 1359 464 1392 extremo
478 1366 518 1400 p.
535 1353 591 1399 ,ζιὸ
605 1352 861 1399 exemplarium
878 1352 1135 1390 Basih'ensium
1146 1367 1159 1390 .-
1190 1352 1277 1400 Ego
1292 1353 1447 1401 faciam,

247 1420 391 1464 inquit,
411 1417 686 1454 libentissime.
745 1415 827 1454 Sed
850 1418 1038 1462 quoniam
1056 1418 1135 1453 iam
1154 1419 1388 1464 matutinus,
1402 1421 1449 1455 ut

247 1485 304 1519 ait
334 1481 556 1525 Petronius,
579 1479 637 1517 sol
665 1482 785 1516 tectis
812 1481 956 1524 arrisit,
976 1491 1194 1525 surgamus,
1219 1484 1263 1517 et
1290 1482 1323 1517 si
1350 1479 1447 1526 quid

248 1549 310 1582 est
342 1543 456 1589 illud,
487 1543 744 1589 diligentiore
778 1547 917 1589 postea
949 1541 1268 1580 consideratione
1301 1547 1445 1580 tracta·
1508 1540 1510 1542 ’

245 1608 353 1645 bitur

806 1716 840 1750 V
844 1709 885 1751 Ι*

303 1780 516 1827 Fulgentius
544 1778 843 1826 mythologiarum
873 1778 900 1814 I
918 1791 957 1824 p.
981 1778 1035 1815 23
1054 1777 1247 1815 Munclceri
1260 1792 1273 1815 .·
1306 1779 1444 1816 Nescis

287 1874 294 1881 .
328 1873 335 1881 .
368 1848 564 1890 quantum
597 1847 772 1880 saturam
803 1846 1010 1878 matronae
1038 1841 1268 1879 formident.
1327 1841 1443 1879 Licet

242 1907 455 1945 mulierum
486 1905 725 1944 verbialibus
754 1904 872 1942 undis
904 1909 947 1941 et
977 1904 1164 1941 causidici
1193 1904 1340 1942 cedant
1367 1917 1443 1942 nec

242 1972 494 2017 grammatici
534 1971 744 2014 muttiant,
785 1967 923 2004 rhetor
969 1972 1104 2004 taceat
1145 1971 1188 2004 et
1229 1967 1441 2004 clamorem

243 2046 385 2080 praeco
425 2037 665 2079 compescat,
703 2030 786 2068 sola
827 2035 890 2068 est
931 2043 1033 2076 quae
1070 2029 1235 2067 modum
1272 2032 1442 2076 imponit

241 2097 480 2142 furentibus,
509 2095 606 2132 licet
635 2094 874 2132 Petroniana
903 2094 1021 2131 subet
1049 2092 1217 2130 Albucia

352 2157 431 2196 326

1511 2075 1527 2083 ν
1502 1771 1534 2056 »bu-z’rmfaeffl
