1500 2470
437 221 599 261 TITUS
629 223 941 264 PETRONIUS
969 226 1210 266 ARBITER

164 297 196 338 L
300 296 307 348 Ι
325 301 487 340 Abiecti
506 305 548 340 in
567 303 683 341 lectis
703 307 788 342 sine
807 310 920 344 metu
944 307 1138 354 reliquam
1158 312 1364 356 exegimus

380 366 552 399 noctem.
571 391 579 399 .
599 391 606 399 .
626 391 633 400 .

167 418 213 455 H
226 466 230 469 ἢ
264 409 271 465 Ι
303 419 480 458 Venerat
497 423 576 458 iam
595 424 738 459 tertius
758 422 856 469 dies,
876 423 918 460 id
939 429 1002 462 est
1022 428 1249 472 expectatio
1267 425 1417 465 liberae

216 491 352 524 cenae,
365 478 436 516 sed
451 484 514 517 tot
529 479 758 518 vulneribus
771 481 959 519 confossis
972 482 1067 529 fuga
1078 487 1205 530 magis
1219 484 1417 531 placebat,

216 549 334 582 quam
373 540 495 583 quies.
578 537 719 585 Itaque
767 552 858 577 cum
904 544 1046 578 maesti
1093 542 1416 589 deliberaremus,

217 608 390 641 quonam
426 608 576 641 genere
621 603 875 643 praesentem
913 602 1151 638 evitaremus
1188 601 1416 647 procellam,

216 667 319 691 unus
349 667 484 692 servus
515 655 827 701 Agamemnonis
860 658 1133 704 interpellavit
1167 659 1417 706 trepidantes

217 718 261 749 et
290 703 456 759 “Quid?
487 714 586 751 vos”
617 717 748 760 inquit
777 705 984 762 “nescitis,
1014 716 1134 754 hodie
1162 717 1269 764 apud
1297 730 1417 764 quem

217 771 309 808 fiat?
366 771 618 818 Trimalchio,
652 773 892 811 lautissimus
925 774 1056 821 homo,
1090 775 1338 822 horologium
1374 778 1417 813 in

217 830 390 867 triclinio
411 836 453 868 et
472 832 746 869 bucinatorem
760 832 884 870 habet
899 834 1170 880 subornatum,
1186 839 1232 871 ut
1247 834 1416 872 subinde

218 892 329 935 sciat,
349 894 543 935 quantum
572 890 623 927 de
652 893 734 927 vita
762 891 1021 936 perdiderit.'’
1081 892 1302 929 Amicimur
1321 904 1418 937 ergo

219 948 436 994 diligenter
455 948 569 985 obliti
589 952 766 986 omnium
785 950 991 996 malorum,
1009 955 1051 987 et
1071 951 1219 988 Gitona
1237 950 1418 988 libentis-

220 1009 318 1044 sime
338 1007 479 1044 servile
499 1007 668 1044 officium
694 1012 879 1045 tuentem
907 1021 1033 1054 usque
1062 1008 1137 1045 hoe
1166 1009 1347 1046 iubemus
1375 1011 1417 1045 in

141 1065 190 1102 27
221 1054 378 1099 balnea¹
398 1065 520 1108 sequi.
554 1062 635 1099 Nos
654 1065 815 1099 interim
835 1066 968 1100 vestiti
989 1076 1118 1100 errare
1138 1066 1339 1110 coepimus
1352 1093 1360 1100 .
1379 1092 1386 1100 .
1406 1091 1414 1100 .

221 1120 342 1154 immo
375 1119 493 1153 iocari
520 1120 645 1162 magis
677 1122 719 1154 et
745 1117 899 1154 circulis
927 1109 1187 1164 [ludentem]²
1212 1118 1416 1164 accedere,

127 1172 204 1209 HL
223 1185 314 1209 cum
333 1172 464 1208 subito
496 1163 500 1217 Ι
533 1172 712 1208 videmus
732 1185 870 1209 senem
889 1173 1055 1218 calvum,
1075 1176 1211 1210 tunica
1229 1176 1417 1210 vestitum

222 1240 368 1271 russea,
397 1229 504 1263 inter
531 1239 674 1272 pueros
704 1227 908 1272 capillatos
941 1227 1150 1264 ludentem
1182 1228 1272 1274 pila.
1330 1228 1417 1265 Nec

223 1287 306 1319 tam
333 1284 447 1328 pueri
474 1294 559 1327 nOS,
587 1294 826 1327 quamquam
859 1287 945 1319 erat
977 1296 1120 1329 operae
1152 1285 1338 1329 pretium,
1365 1282 1416 1320 ad

223 1336 495 1384 spectaculum
521 1336 730 1382 duxerant,
751 1350 870 1382 quam
894 1340 979 1383 ipse
1005 1342 1120 1384 pater
1146 1337 1330 1383 familiae,
1350 1339 1417 1383 qui

224 1392 396 1430 soleatus
422 1391 502 1438 pila
527 1394 683 1437 prasina
709 1392 978 1429 exercebatur.
1038 1392 1124 1429 Nec
1142 1392 1310 1438 amplius
1330 1405 1417 1429 eam

225 1447 435 1493 repetebat
453 1459 554 1492 quae
573 1451 720 1483 terram
740 1449 975 1492 contigerat,
996 1447 1066 1484 sed
1092 1447 1229 1484 follem
1254 1446 1417 1492 plenum

224 1502 399 1539 habebat
417 1514 551 1538 servus
570 1501 866 1547 sufficiebatque
886 1501 1127 1539 ludentibus.
1187 1501 1417 1538 Notavimus

224 1560 346 1594 etiam
365 1569 428 1593 res
446 1569 577 1593 novas.
637 1556 740 1592 Nam
760 1556 839 1592 duo
858 1556 1053 1602 spadones
1071 1559 1114 1592 in
1133 1556 1286 1593 diversa
1305 1560 1418 1601 parte

223 1611 359 1649 circuli
378 1611 550 1656 stabant,
565 1624 732 1656 quorum
751 1611 853 1647 alter
871 1611 1074 1648 matellam
1092 1611 1259 1647 tenebat
1277 1622 1418 1655 argen-

223 1672 343 1712 team,
358 1666 461 1703 alter
474 1666 709 1702 numerabat
722 1666 833 1711 pilas,
848 1679 930 1702 non
943 1666 1105 1711 quidem
1120 1678 1185 1702 eas
1200 1677 1300 1711 quae
1313 1667 1419 1701 inter

223 1734 363 1759 manus
395 1721 483 1757 lusu
518 1720 747 1766 expellente
781 1721 1000 1765 vibrabant,
1034 1720 1105 1757 sed
1139 1733 1204 1756 eas
1237 1731 1338 1765 quae
1375 1721 1416 1756 in

219 1783 366 1814 terram
381 1775 633 1812 decidebant.
666 1775 764 1812 Cum
779 1775 849 1811 has
870 1788 965 1820 ergo
984 1777 1216 1811 miraremur
1228 1773 1416 1818 lautitias,

158 1832 201 1868 H
229 1825 234 1877 Ι
266 1833 436 1868 accurrit
455 1829 663 1866 Menelaus
684 1834 726 1866 et
746 1820 771 1837 “
781 1830 861 1866 Hic
881 1830 974 1866 est”
995 1832 1127 1875 inquit
1147 1820 1285 1875 “apud
1297 1840 1417 1874 quem

223 1886 402 1923 cubitum
431 1887 601 1930 ponetis,
633 1889 675 1921 et
704 1877 893 1929 quidem³
922 1886 999 1920 iam
1028 1886 1266 1930 principium
1295 1894 1417 1919 cenae

223 1940 404 1978 videtis?
476 1939 530 1975 Et
570 1941 649 1975 iam
685 1951 766 1975 non
803 1938 1040 1984 loquebatur
1078 1937 1286 1975 Menelaus
1327 1949 1416 1973 eum

480 2015 492 2034 ¹
507 2015 635 2046 balnea
642 2013 762 2054 jahn:
783 2013 921 2044 balneo.

478 2057 492 2077 2
502 2057 679 2089 ludentem
695 2057 875 2088 bracketed
888 2057 930 2097 by
945 2055 1144 2087 Buecheler.

479 2100 492 2120 ³
508 2101 649 2142 quidem
665 2099 856 2131 Buecheler
868 2112 879 2130 .·
902 2099 996 2140 quid.

332 2165 382 2198 38
