1500 2470
433 204 594 243 TITUS
627 205 938 245 PETRONIUS
967 207 1207 246 ARBITER

213 286 444 322 timuerunt.
496 284 551 322 Et
580 298 632 323 ne
664 291 802 333 poetas
833 277 1031 334 [quidem]
1059 288 1112 326 ad
1141 291 1415 327 testimonium

212 353 345 397 citem,
376 356 486 389 certe
514 365 647 399 neque
678 353 845 391 Platona
872 367 1004 402 neque
1035 355 1340 394 Demosthenen
1365 355 1415 394 ad

210 417 286 455 hoc
304 431 434 465 genus
454 422 750 458 exercitationis
773 424 984 460 accessisse
1005 423 1132 461 video.
1174 423 1354 461 Grandis
1373 428 1417 461 et

210 490 256 522 ut
284 487 341 522 ita
367 485 498 523 dicam
527 486 672 533 pudica
692 490 817 525 oratio
836 502 918 526 non
939 494 1001 527 est
1020 490 1220 527 maculosa
1236 503 1314 528 nec
1333 494 1415 528 tur-

210 551 316 598 gida,
337 552 410 589 sed
429 553 601 590 naturali
620 553 920 600 pulchritudine
941 559 1129 603 exsurgit.
1162 557 1302 604 Nuper
1320 570 1414 594 ven-

210 624 297 657 tosa
334 622 458 657 istaec
490 625 533 658 et
566 624 739 659 enormis
772 621 991 669 loquacitas
1021 623 1204 662 Athenas
1237 637 1287 662 ex
1319 623 1416 661 Asia
1483 609 1487 627 ἶ

211 689 488 733 commigravit
506 691 738 736 animosque
754 692 944 727 iuvenum
963 690 1014 728 ad
1040 704 1186 737 magna
1204 695 1415 737 surgentes

211 753 336 791 veluti
381 754 590 801 pestilenti
632 756 805 802 quodam
842 757 973 795 sidere
1015 757 1171 804 afflavit,
1210 758 1412 804 semelque

211 826 396 868 corrupta
423 821 564 867 regula
593 815 839 869 eloquentia1
864 826 980 861 stetit
1008 829 1052 862 et
1079 819 1290 878 obmutuit.
1349 823 1415 862 Ad

208 901 417 934 summam,
438 891 526 934 quis
549 881 706 935 postea²
730 889 989 937 Thucydidis,
1009 893 1097 937 quis
1122 891 1342 938 Hyperidis
1363 890 1413 928 ad

211 954 358 992 famam
377 957 596 1002 processit?
625 956 686 994 Ac
705 970 758 994 ne
779 970 940 996 carmen
969 958 1134 1004 quidem
1162 960 1247 995 sani
1275 957 1415 996 coloris

211 1025 371 1069 enituit,
391 1023 463 1060 sed
492 1026 625 1060 onmia
645 1027 759 1070 quasi
784 1024 927 1062 eodem
947 1025 1034 1063 cibo
1063 1030 1176 1072 pasta
1194 1038 1276 1063 non
1298 1030 1414 1072 potu-

211 1094 330 1126 erunt
345 1102 471 1135 usque
487 1090 537 1127 ad
550 1095 804 1128 senectutem
819 1104 1041 1129 canescere.
1084 1091 1243 1129 Pictura
1256 1104 1413 1138 quoque

210 1169 292 1193 non
303 1155 425 1193 alium
439 1159 591 1193 exitum
604 1156 713 1202 fecit,
723 1162 934 1203 postquam
948 1157 1240 1204 Aegyptiorum
1250 1158 1410 1196 audacia

210 1228 294 1260 tam
314 1236 482 1269 magnae
502 1226 598 1261 artis
617 1224 952 1270 compendiariam
972 1225 1164 1262 invenit.”

268 1289 360 1327 Non
374 1294 436 1327 est
447 1301 583 1336 passus
599 1289 879 1336 Agamemnon
893 1303 958 1327 me
971 1290 1120 1328 diutius
1135 1291 1358 1329 declamare
1371 1295 1412 1332 in

212 1359 382 1404 porticu,
403 1370 523 1403 quam
543 1360 627 1403 ipse
657 1359 699 1394 in
727 1357 862 1395 schola
890 1357 1112 1403 sudaverat,
1133 1357 1204 1395 sed
1227 1349 1413 1396 “Adule-

211 1425 358 1462 scens”
381 1427 513 1470 inquit
534 1414 755 1470 “quoniam
775 1437 1000 1462 sermonem
1022 1424 1146 1462 habes
1165 1438 1247 1462 non
1265 1425 1414 1471 publici

212 1490 360 1534 saporis
381 1492 436 1533 et,
452 1487 559 1533 quod
578 1489 820 1524 rarissimum
840 1492 914 1532 est,
930 1500 1037 1525 amas
1057 1488 1202 1525 bonam
1220 1493 1414 1535 mentem,

211 1564 293 1588 non
307 1550 500 1588 fraudabo
515 1555 557 1587 te
573 1555 658 1588 arte
674 1556 837 1588 secreta.
871 1545 999 1587 Nihil3
1011 1554 1197 1588 nimirum
1212 1553 1253 1587 in
1268 1550 1330 1588 his
1345 1564 1413 1588 ex-

211 1615 511 1652 ercitationibus
520 1614 702 1652 doctores
715 1619 896 1660 peccant,
907 1617 974 1660 qui
982 1627 1145 1652 necesse
1158 1614 1310 1652 habent
1321 1628 1410 1652 cum

210 1678 500 1716 insanientibus
513 1677 656 1714 furere.
675 1677 779 1714 Nam
786 1680 867 1714 ‘nisi
880 1677 1054 1715 dixerint
1066 1690 1166 1723 quae
1178 1677 1411 1715 adulescen-

210 1741 284 1778 tuli
296 1741 481 1787 probent,
494 1745 541 1777 ut
555 1743 612 1776 ait
628 1739 777 1786 Cicero,
792 1730 803 1747 ‘
812 1740 884 1777 soli
896 1743 938 1777 in
950 1740 1093 1777 scholis
1106 1740 1407 1786 relinquentur.’

209 1804 322 1842 Sicut
354 1795 488 1849 [fietij4
514 1802 740 1840 adulatores
767 1816 856 1840 cum
886 1816 1004 1840 cenas
1035 1803 1204 1840 divitum
1233 1808 1409 1850 captant,

208 1867 308 1904 nihil
336 1869 443 1913 prius
463 1866 711 1903 meditantur
732 1879 850 1912 quam
870 1866 912 1904 id
938 1866 1044 1912 quod
1071 1871 1216 1913 putant
1234 1869 1409 1912 gratissi-

253 1967 260 1986 ¹
275 1967 401 2008 regula
417 1967 619 2008 eloquentia
637 1966 801 1997 Haasius
814 1978 826 1997 :
842 1967 1065 2007 eloquentiae
1082 1967 1217 2008 regula.

251 2009 322 2042 ²ad
345 2020 521 2041 summam
544 2010 624 2051 quis
647 2014 776 2051 postea
799 2010 988 2041 Haasius:
1011 2010 1068 2051 qui
1093 2013 1221 2051 postea
1244 2009 1292 2041 ad
1315 2019 1406 2041 sum·

209 2064 354 2128 masmim
370 2095 487 2127 added
499 2095 542 2136 by
557 2095 757 2127 Buecheler.
807 2095 821 2116 ⁴
831 2096 902 2128 ficti
919 2096 1099 2128 bracketed
1113 2095 1155 2137 by
1169 2094 1369 2128 Buecheler.

317 2160 339 2192 4

1494 2092 1498 2146 ί

1495 2147 1497 2192 !
