1500 2470
429 207 592 248 TITUS
623 209 935 250 PETRONIUS
963 211 1204 250 ARBITER

208 288 341 327 habet.
375 289 461 327 Iam
480 293 574 337 seio,
590 290 699 328 unde
714 294 916 338 acceperit
934 291 1118 330 denarios
1133 292 1244 331 mille
1258 306 1409 333 aureos.

207 352 289 391 Sed
308 355 340 390 si
355 366 428 391 nos
444 353 575 391 coleos
590 354 842 401 haberemus,
855 368 938 392 non
952 360 1112 394 tantum
1127 357 1202 394 sibi
1221 356 1410 404 placeret.

207 417 327 454 Nunc
346 417 517 464 populus
533 423 596 456 est
615 417 723 455 domi
742 418 894 465 leones,
914 418 1018 457 foras
1038 419 1189 467 vulpes.
1222 419 1342 466 Quod
1360 421 1412 458 ad

205 476 271 518 me
291 483 453 527 attinet,
473 484 552 518 iam
572 495 726 528 pannos
746 495 857 520 meos
877 483 1047 530 comedi,
1068 488 1112 521 et
1130 486 1163 521 si
1183 489 1412 530 perseverat

204 544 304 582 haec
330 557 501 591 annona,
523 545 674 583 casulas
700 558 810 583 meas
833 546 1016 584 vendam.
1076 545 1186 593 Quid
1214 550 1323 585 enim
1349 547 1412 586 fu-

204 613 340 646 turum
371 613 446 655 est,
478 612 510 646 si
544 621 620 646 nec
655 609 710 647 dii
744 622 821 647 nec
859 609 1042 648 homines
1081 610 1198 648 huius
1231 611 1410 649 coloniae

203 673 468 709 miserentur?
509 672 572 710 Ita
605 685 716 710 meos
747 672 954 720 fruniscar,
975 678 1023 711 ut
1053 686 1129 720 ego
1154 679 1253 721 puto
1276 678 1410 712 omnia

105 734 185 772 HL
203 735 272 772 illa
291 749 314 772 a
333 735 464 773 diibus
475 727 491 752 ¹
506 735 601 773 fieri.
625 727 630 782 Ι
663 737 794 774 Nemo
818 739 926 773 enim
939 737 1094 774 caelum
1109 737 1264 775 caelum
1278 743 1408 785 putat,

201 812 321 837 nemo
358 802 552 837 ieiunium
583 805 727 846 servat,
759 813 880 837 nemo
919 800 1056 838 Iovem
1086 801 1158 848 pili
1195 801 1306 848 facit,
1336 801 1406 840 sed

135 862 181 899 H
197 876 336 900 omnes
374 866 524 910 opertis
563 863 686 900 oculis
725 864 830 900 bona
860 876 930 901 sua
961 869 1207 910 computant.
1236 855 1242 911 Ι
1273 865 1406 903 Antea

117 1312 167 1345 45

200 926 368 964 stolatae
388 927 502 964 ibant
521 927 638 964 nudis
659 927 828 973 pedibus
848 930 891 964 in
910 927 1070 973 clivum,
1090 931 1214 974 passis
1240 928 1405 975 capillis,

199 991 402 1027 mentibus
428 993 549 1036 puris,
577 995 621 1028 et
651 990 788 1027 Iovem
813 1004 957 1037 aquam
984 991 1212 1029 exorabant.
1264 991 1406 1038 Itaque

199 1057 335 1091 statim
356 1057 548 1091 urceatim
568 1054 776 1100 plovebat:
805 1059 876 1091 aut
895 1059 992 1091 tunc
1012 1059 1082 1091 aut
1107 1067 1333 1101 nunquam:
1363 1059 1407 1092 et

199 1130 338 1154 omnes
353 1118 540 1155 redibant
561 1109 654 1154 udi2
676 1122 868 1163 tanquam
883 1130 1026 1154 mures.
1051 1117 1194 1164 Itaque
1209 1117 1265 1155 dii
1280 1118 1405 1164 pede>

198 1181 352 1218 lanatos
383 1180 547 1227 habent,
575 1183 667 1227 quia
695 1193 767 1217 nos
796 1180 970 1227 religiosi
999 1193 1081 1218 non
1109 1193 1254 1219 sumus.
1304 1181 1402 1228 Agri

197 1245 419 1282 iacent”—

253 1299 277 1316 “
288 1308 371 1346 Oro
383 1313 425 1345 te
435 1307 600 1354 ”inquit
608 1307 763 1345 Echion
776 1310 1029 1345 centonarius
1039 1298 1214 1345 “melius
1225 1307 1400 1355 loquere.

197 1362 342 1409 ‘Modo
362 1374 430 1418 sic,
450 1371 569 1408 modo
589 1373 661 1408 sic’
693 1374 825 1418 inquit
844 1374 1035 1416 rusticus3
1067 1374 1220 1408 varium
1239 1384 1403 1418 porcum

100 1435 179 1472 HL
198 1435 438 1481 perdiderat.
468 1427 472 1481 Ι
506 1434 625 1481 Quod
654 1435 774 1472 hodie
801 1447 883 1471 non
910 1440 984 1480 est,
1005 1447 1089 1472 cras
1117 1437 1213 1472 erit:
1242 1437 1297 1472 sic
1321 1437 1402 1472 vita

129 1498 175 1535 H
193 1498 378 1536 truditur.
408 1490 412 1543 Ι
446 1499 538 1535 Non
558 1498 809 1535 mehercules
839 1500 967 1544 patria
986 1497 1127 1534 melior
1146 1497 1226 1535 dici
1252 1502 1400 1544 potest,

195 1565 227 1599 si
256 1562 439 1599 homines
467 1561 646 1599 haberet.
713 1561 794 1599 Sed
822 1561 976 1598 laborat
1003 1560 1079 1598 hoc
1108 1565 1305 1607 tempore,
1323 1573 1399 1598 nec

194 1625 293 1662 haec
313 1625 405 1662 sola.
447 1625 539 1662 Non
560 1625 753 1662 debemus
773 1624 935 1662 delicati
955 1637 1056 1670 esse,
1075 1624 1224 1670 ubique
1243 1623 1398 1661 medius

193 1689 326 1726 caelus
346 1693 418 1726 est.
466 1688 527 1725 Tu
547 1691 579 1725 si
598 1688 719 1725 aliubi
740 1687 874 1734 fueris,
894 1687 1003 1724 dices
1022 1686 1087 1723 hic
1107 1699 1245 1733 porcos
1265 1691 1397 1724 coctos

192 1751 407 1789 ambulare.
460 1751 514 1788 Et
538 1764 631 1788 ecce
655 1750 829 1788 habituri
850 1763 985 1787 sumus
1003 1763 1149 1787 munus
1169 1749 1395 1787 excellente

191 1818 233 1851 in
252 1814 386 1852 triduo
406 1814 471 1851 die
493 1814 616 1858 festa;
648 1813 797 1850 familia
816 1826 898 1850 non
915 1813 1125 1859 lanisticia,
1145 1812 1215 1850 sed
1235 1812 1395 1858 plurimi

190 1878 334 1915 liberti.
368 1877 422 1914 Et
441 1877 555 1914 Titus
575 1881 712 1914 noster
730 1889 921 1921 magnum
937 1878 1113 1912 animum
1132 1875 1256 1913 habet
1271 1880 1314 1912 et
1333 1879 1395 1912 est

189 1941 514 1978 caldicerebrius:
550 1944 620 1977 aut
643 1939 717 1976 hoc
746 1944 816 1976 aut
845 1939 944 1976 illud
974 1941 1064 1985 erit,
1093 1932 1212 1985 quid3
1239 1940 1390 1984 utique.

233 2016 274 2047 ¹a
290 2016 408 2047 diibus
425 2015 637 2046 Buecheler:
658 2014 846 2046 aedilibus.

228 2058 418 2090 ²redibant
426 2059 554 2098 Jacobs
564 2069 577 2090 .·
600 2057 766 2089 ridebant
957 2056 1016 2088 udi
1037 2056 1069 2087 T
1067 2056 1181 2088 riller:
1205 2058 1243 2086 ut
1259 2055 1319 2088 dii.

230 2101 243 2121 ³
253 2102 338 2144 quid
355 2102 531 2134 Heinsius
542 2112 555 2133 .·
577 2101 684 2143 quod.

295 2164 347 2202 74·

1491 798 1500 852 i

1477 861 1500 1378 i
