1534 2470
157 1875 204 1908 15

474 215 675 254 LUCIUS
704 216 970 255 ANNAEUS
999 217 1212 255 SENECA

236 300 360 342 vetat,
380 300 423 333 et
442 295 556 332 illum
574 295 701 333 altera
719 301 879 333 tantum
905 302 1018 343 parte
1037 297 1174 335 audita
1197 297 1440 336 condemnat

237 397 280 429 et
298 395 373 429 ait:
395 391 476 429 αἴκε
495 390 610 430 πάθοι
630 390 679 429 τά
697 392 731 430 τ’
754 388 862 438 ἔρεξε,
888 391 973 437 δίκη
994 393 1028 430 κ’
1052 392 1151 431 ἰθεῖα
1171 391 1328 440 γένοιτο.
1371 393 1438 431 In-

235 501 336 534 gens
355 487 560 525 silentium
580 487 731 525 factum
751 492 822 525 est.
855 488 1084 535 Stupebant
1102 502 1240 527 omnes
1259 492 1438 527 novitate

236 586 295 622 rei
322 586 498 630 attoniti,
518 584 724 630 negabant
752 583 828 621 hoc
858 597 1033 630 unquam
1063 584 1224 622 factum.
1275 585 1440 623 Claudio

235 682 362 726 magis
392 682 574 726 iniquum
592 679 804 717 videbatur
830 693 949 726 quam
977 694 1136 717 novum.
1196 680 1260 718 De
1288 694 1438 727 genere

237 789 391 823 poenae
411 776 480 813 diu
500 775 751 822 disputatum
771 781 846 822 est,
866 775 964 822 quid
983 775 1098 813 illum
1118 779 1202 823 pati
1221 781 1436 823 oporteret.

237 872 364 909 Erant
378 874 447 918 qui
462 871 658 917 dicerent,
675 871 890 918 Sisyphum
906 874 1000 909 satis
1016 871 1085 909 diu
1099 871 1270 909 laturam
1285 871 1439 919 fecisse,

235 967 450 1005 Tantalum
483 970 549 1005 siti
582 970 803 1014 periturum
834 970 910 1004 nisi
943 945 1002 1004 illi
1032 972 1341 1014 succurreretur,
1368 968 1438 1005 ali-

235 1063 395 1110 quando
430 1063 579 1101 Ixionis
611 1066 746 1101 miseri
777 1068 906 1101 rotam
937 1063 1286 1101 sufflaminandam.
1346 1064 1437 1101 Non

236 1160 387 1207 placuit
406 1159 477 1197 ulli
504 1172 554 1197 ex
572 1160 775 1197 veteribus
795 1162 1024 1196 missionem
1044 1159 1142 1205 dari,
1162 1172 1214 1197 ne
1234 1159 1298 1197 vel
1325 1159 1438 1197 Clau-

235 1256 323 1293 dius
342 1268 518 1302 unquam
537 1255 666 1292 simile
686 1259 874 1301 speraret.
934 1254 1089 1292 Placuit
1107 1268 1250 1292 novam
1268 1268 1437 1301 poenam

236 1354 427 1389 constitui
458 1351 621 1398 debere,
651 1350 962 1396 excogitandum
991 1350 1049 1387 illi
1077 1350 1253 1387 laborem
1281 1352 1436 1387 irritum

235 1452 278 1485 et
309 1447 474 1485 alicuius
513 1446 743 1493 cupiditatis
781 1449 956 1493 speciem
994 1448 1080 1483 sine
1119 1445 1274 1483 effectu.
1333 1445 1436 1484 Tum

236 1544 393 1581 Aeacus
408 1543 523 1580 iubet
537 1542 651 1579 illum
666 1542 753 1579 alea
767 1542 907 1579 ludere
927 1546 1091 1588 pertuso
1106 1541 1256 1578 fritillo.
1289 1541 1343 1578 Et
1357 1543 1436 1578 iam

234 1643 422 1686 coeperat
450 1638 654 1685 fugientes
683 1650 841 1684 semper
861 1642 1030 1674 tesseras
1050 1649 1241 1683 quaerere
1268 1641 1312 1674 et
1335 1635 1435 1673 nihil

233 1734 434 1782 proficere.

346 1870 451 1907 Nam
471 1871 656 1916 quotiens
675 1870 864 1905 missurus
884 1871 972 1904 erat
991 1871 1203 1904 resonante
1224 1865 1373 1912 fritillo,

343 1954 513 1995 utraque
533 1948 730 1985 subducto
750 1946 931 1992 fugiebat
951 1951 1101 1983 tessera
1120 1945 1255 1983 fundo.

344 2028 525 2074 Cumque
544 2026 778 2064 recollectos
798 2025 966 2062 auderet
984 2027 1146 2061 mittere
1166 2024 1280 2070 talos,

342 2107 477 2146 fusuro
499 2106 636 2144 similis
656 2117 814 2151 semper
833 2116 1069 2150 semperque
1089 2105 1260 2150 petenti,

340 2170 420 2204 404
