1534 2470
164 1958 214 1997 93

463 206 624 247 TITUS
657 206 968 249 PETRONIUS
997 208 1236 248 ARBITER

243 288 426 325 bernium
441 292 681 335 recepissem
695 289 852 336 Ascylti
864 303 1011 337 parem.
1063 290 1193 329 Instat
1213 290 1444 338 Eumolpus,

242 356 286 389 et
305 364 396 388 cum
415 365 514 398 puer
533 352 590 389 illi
610 355 816 399 potionem
835 353 1027 401 dedisset,
1045 344 1073 362 “
1085 354 1194 392 Malo
1212 359 1256 392 te
1269 353 1292 367 ’'
1314 356 1444 400 inquit

242 404 399 460 “quam
424 415 613 453 balneum
635 420 768 453 totum
781 415 804 430 ’³
826 419 1051 463 siccatoque
1077 416 1192 454 avide
1212 416 1354 463 poculo
1373 429 1443 454 ne-

241 482 312 523 gat
330 478 405 515 sibi
423 491 599 525 unquam
618 479 768 517 acidius
783 479 915 517 fuisse.
975 471 1003 488 “
1016 480 1120 517 Nam
1135 485 1177 518 et
1191 480 1287 517 dum
1302 479 1441 517 lavor”

241 544 299 579 ait
326 531 492 588 “paene
521 543 714 589 vapulavi,
745 546 837 589 quia
865 549 1029 582 conatus
1057 557 1145 581 sum
1173 547 1276 581 circa
1303 543 1443 581 solium

242 604 475 643 sedentibus
505 619 666 643 carmen
695 609 877 653 recitare,
908 612 951 644 et
981 612 1191 653 postquam
1221 607 1272 644 de
1301 606 1444 644 balneo

241 673 432 715 tanquam
451 668 503 707 de
522 669 682 707 theatro
701 672 852 708 eiectus
872 683 972 716 sum,
988 673 1152 708 circuire
1168 683 1305 708 omnes
1319 683 1444 716 angu-

242 731 300 770 los
315 734 429 779 coepi
448 737 491 770 et
506 732 610 770 clara
623 746 720 770 voce
736 733 958 780 Encolpion
973 733 1186 771 clamitare.
1243 733 1304 770 Ex
1319 732 1444 770 altera

243 800 356 842 parte
382 798 536 833 iuvenis
562 796 706 842 nudus,
733 799 801 843 qui
828 799 1068 834 vestimenta
1094 796 1336 843 perdiderat,
1362 809 1443 833 non

242 861 395 896 minore
425 859 605 896 clamoris
634 859 910 905 indignatione
941 860 1090 897 Gitona
1117 859 1331 906 flagitabat.
1390 858 1444 896 Et

242 935 308 959 me
328 922 491 969 quidem
511 925 624 969 pueri
650 928 841 969 tanquam
867 926 1051 960 insanum
1078 925 1301 960 imitatione
1327 927 1443 969 petu-

242 984 461 1023 lantissima
486 985 725 1032 deriserunt,
743 985 857 1023 illum
884 991 1020 1024 autem
1049 985 1275 1032 frequentia
1301 988 1444 1032 ingens

242 1051 504 1086 circumvenit
533 1062 623 1086 cum
651 1049 790 1096 plausu
822 1054 865 1086 et
891 1049 1153 1086 admiratione
1182 1048 1440 1086 timidissima.

245 1112 436 1149 Habebat
455 1115 563 1149 enim
583 1115 792 1158 inguinum
806 1112 962 1158 pondus
977 1117 1060 1149 tam
1073 1111 1239 1158 grande,
1254 1117 1301 1149 ut
1314 1114 1443 1158 ipsum

244 1174 448 1212 hominem
467 1175 651 1212 laciniam
671 1175 810 1212 fascini
830 1175 1022 1213 crederes.
1074 1175 1111 1213 O
1131 1177 1317 1212 iuvenem
1335 1174 1443 1212 labo-

244 1241 410 1276 riosum:
437 1243 536 1285 puto
559 1238 672 1275 illum
696 1238 824 1284 pridie
844 1241 1034 1285 incipere,
1054 1239 1213 1284 postero
1232 1237 1298 1275 die
1317 1237 1440 1275 finire.

245 1301 388 1348 Itaque
426 1304 562 1339 statim
599 1304 755 1339 invenit
784 1302 995 1347 auxilium3
1025 1304 1159 1339 nescio
1197 1303 1284 1347 quis
1323 1303 1442 1346 enim,

244 1377 367 1411 eques
388 1365 587 1403 Romanus
606 1370 652 1402 ut
666 1365 828 1402 aiebant
846 1365 1017 1410 infamis,
1030 1378 1099 1402 sua
1114 1369 1225 1401 veste
1245 1369 1444 1401 errantem

245 1428 510 1466 circumdedit
528 1441 574 1465 ac
593 1427 756 1465 domum
775 1427 954 1474 abduxit,
976 1427 1108 1473 credo,
1127 1432 1174 1464 ut
1192 1432 1276 1464 tam
1300 1439 1445 1473 magna

244 1491 404 1529 fortuna
423 1491 527 1529 solus
546 1495 739 1529 uteretur.
797 1491 856 1528 At
875 1503 950 1537 ego
969 1503 1021 1528 ne
1035 1503 1125 1528 mea
1144 1490 1307 1537 quidem
1325 1492 1444 1527 vesti-

243 1559 382 1592 menta
416 1555 467 1592 ab
496 1555 665 1592 officioso
699 1554 844 1592 custode
877 1557 1128 1600 recepissem,
1157 1556 1233 1590 nisi
1263 1557 1445 1590 notorem

245 1617 454 1656 dedissem.
504 1617 635 1655 Tanto
649 1620 775 1664 magis
790 1617 954 1664 expedit
969 1619 1133 1663 inguina
1148 1630 1266 1662 quam
1283 1618 1445 1662 ingenia

244 1685 425 1723 fricare.”
485 1685 600 1722 Haec
629 1684 826 1731 Eumolpo
854 1684 1016 1722 dicente
1041 1683 1246 1721 mutabam
1272 1696 1347 1729 ego
1366 1682 1444 1720 fre-

246 1754 506 1799 quentissime
522 1751 691 1798 vultum,
706 1754 858 1789 iniuriis
873 1750 1025 1789 scilicet
1039 1753 1188 1788 inimici
1203 1752 1283 1787 mei
1297 1749 1444 1796 hilaris,

246 1819 462 1857 commodis
475 1821 610 1856 tristis.
635 1818 851 1864 Utcunque
866 1822 1016 1864 tamen,
1028 1822 1218 1863 tanquam
1230 1829 1310 1853 non
1322 1829 1443 1862 agno-

245 1899 398 1924 scerem
416 1885 604 1931 fabulam,
624 1887 731 1922 tacui
751 1889 794 1922 et
813 1897 936 1921 cenae
959 1883 1140 1921 ordinem
1160 1882 1331 1929 explicui
1350 1911 1359 1919 .
1382 1911 1391 1920 .
1413 1910 1422 1919 .

300 1944 324 1961 “
338 1953 428 1990 Vile
459 1957 534 1998 est,
565 1951 671 1997 quod
701 1951 809 1997 licet,
841 1956 884 1988 et
913 1953 1066 1987 animus
1098 1952 1218 1987 errori
1248 1941 1442 1986 intentus¹

243 2023 404 2058 iniurias
423 2019 566 2065 diligit.

431 2106 439 2125 ¹
453 2105 564 2138 errori
582 2104 740 2136 intentus
755 2102 971 2135 Buecheler:
985 2111 1105 2134 errore
1119 2103 1248 2134 lentus.

357 2162 432 2196 184
