1534 2470
463 217 625 260 TITUS
657 220 968 261 PETRONIUS
997 220 1238 260 ARBITER

242 300 463 338 custodiam
482 306 609 339 tenet.
671 301 883 340 Praeterea
902 302 1002 340 illud
1021 306 1154 349 miror,
1170 302 1351 350 Encolpi,
1371 303 1446 342 fibi

242 380 324 405 non
343 371 594 414 succurrisse,
614 382 739 406 unum
758 374 922 407 nautam
942 372 1124 407 stationis
1147 374 1365 417 perpetuae
1385 372 1446 407 in-

242 434 375 472 terdiu
409 440 611 482 noctuque
646 438 775 473 iacere
814 438 856 473 in
895 436 1052 483 scapha,
1086 450 1162 475 nec
1199 449 1314 483 posse
1350 435 1446 475 inde

243 501 450 539 custodem
465 504 540 540 nisi
555 507 625 539 aut
641 502 763 540 caede
779 502 927 549 expelli
941 508 1012 540 aut
1023 505 1275 550 praecipitari
1286 503 1443 541 viribus.

244 566 363 614 Quod
391 582 443 605 an
472 568 556 606 fieri
585 572 722 615 possit,
751 572 998 616 interrogate
1026 569 1232 607 audaciam
1259 574 1444 608 vestram.

244 635 347 671 Nam
367 635 474 681 quod
493 635 544 672 ad
570 649 706 673 meum
726 635 890 682 quidem
917 639 1150 674 comitatum
1176 639 1337 683 attinet,
1357 635 1446 673 nul-

242 701 326 738 lum
363 715 503 739 recuso
533 702 769 749 periculum,
802 702 908 748 quod
939 702 1077 740 salutis
1110 716 1222 749 spem
1254 702 1443 741 ostendit.

244 767 347 805 Nam
390 771 475 805 sine
518 781 635 806 causa
674 759 873 815 [quidem]
912 771 1095 815 spiritum
1133 774 1325 816 tanquam
1361 782 1447 806 rem

243 848 407 872 vacuam
441 835 676 881 impendere
714 848 766 873 ne
804 848 873 872 vos
911 836 1074 882 quidem
1112 838 1296 874 existimo
1328 835 1444 874 velle.

243 900 403 947 Videte,
433 902 629 948 numquid
658 901 734 939 hoc
769 902 946 948 placeat:
976 916 1052 949 ego
1077 916 1146 940 vos
1173 905 1215 940 in
1241 902 1339 940 duas
1369 905 1446 939 iam

243 968 369 1014 pelles
389 971 581 1005 coniciam
601 971 834 1015 vinctosque
861 968 953 1006 loris
980 972 1087 1006 inter
1111 972 1351 1007 vestimenta
1375 981 1447 1015 pro

243 1038 404 1073 sarcinis
423 1035 593 1081 habebo,
608 1038 757 1082 apertis
772 1035 925 1073 scilicet
944 1036 1194 1082 aliquatenus
1213 1036 1345 1082 labris,
1359 1038 1446 1082 qui-

243 1103 316 1140 bus
330 1108 372 1140 et
384 1105 567 1149 spiritum
579 1106 757 1149 recipere
770 1105 927 1149 possitis
942 1108 986 1140 et
1000 1103 1141 1140 cibum.
1183 1103 1446 1141 Conclamabo

242 1170 390 1207 deinde
410 1175 529 1207 nocte
550 1183 681 1207 servos
701 1183 872 1216 poenam
890 1173 1112 1216 graviorem
1127 1173 1318 1208 timentes
1333 1183 1445 1217 prae-

243 1239 427 1283 cipitasse
458 1249 501 1273 se
527 1239 569 1273 in
595 1250 714 1274 mare.
776 1236 935 1274 Deinde
962 1250 1053 1274 cum
1078 1242 1244 1275 ventum
1263 1236 1385 1275 fuerit
1403 1239 1446 1274 in

242 1309 414 1351 portum,
436 1306 521 1341 sine
542 1303 623 1340 ulla
643 1306 866 1350 suspicione
886 1317 957 1350 pro
977 1307 1138 1342 sarcinis
1156 1317 1224 1342 vos
1244 1304 1443 1342 efferam.”

243 1362 269 1379 “
282 1371 346 1409 Ita
364 1384 458 1408 vero
473 1371 495 1384 '’
518 1374 680 1417 inquam
701 1384 777 1416 ego
798 1361 824 1378 “
835 1376 1026 1417 tanquam
1041 1371 1186 1409 solidos
1199 1371 1444 1418 alligaturus,

242 1439 385 1485 quibus
408 1451 490 1475 non
514 1438 641 1475 soleat
664 1443 807 1475 venter
835 1441 1020 1475 iniuriam
1048 1438 1204 1476 facere?
1259 1438 1327 1475 An
1355 1443 1444 1476 tan-

242 1519 362 1552 quam
382 1518 449 1543 eos
475 1507 543 1551 qui
570 1509 795 1542 sternutare
822 1518 904 1542 non
929 1504 1124 1542 soleamus
1149 1517 1224 1542 nec
1249 1505 1444 1542 stertere?

243 1572 309 1610 An
329 1575 421 1619 quia
440 1571 515 1608 hoc
534 1585 662 1618 genus
688 1571 785 1609 furti
809 1572 933 1609 semel
961 1562 1084 1617 [mea]
1111 1571 1283 1609 feliciter
1301 1572 1444 1609 cessit?

243 1639 324 1678 Sed
344 1639 450 1685 finge
469 1652 550 1676 una
569 1638 634 1676 die
655 1641 809 1676 vinctos
829 1651 944 1685 posse
971 1638 1133 1676 durare:
1160 1638 1257 1684 quid
1283 1651 1391 1685 ergo,
1411 1641 1442 1676 si

242 1706 392 1744 diutius
411 1711 481 1743 aut
499 1705 767 1751 tranquillitas
788 1718 859 1742 nos
879 1707 1057 1742 tenuerit
1074 1709 1145 1742 aut
1163 1704 1328 1742 adversa
1340 1709 1442 1742 tem-

243 1773 401 1820 pestas?
450 1772 559 1819 Quid
579 1772 722 1810 facturi
742 1773 900 1810 sumus?
955 1772 1097 1809 Vestes
1117 1784 1274 1818 quoque
1293 1771 1443 1809 diutius

242 1843 394 1877 vinctas
425 1853 523 1886 ruga
554 1841 765 1884 consumit,
800 1843 843 1876 et
873 1837 1034 1875 chartae
1065 1837 1251 1884 alligatae
1283 1843 1443 1875 mutant

242 1907 418 1954 figuram.
481 1905 649 1943 Iuvenes
678 1905 809 1942 adhuc
837 1904 981 1942 laboris
1011 1909 1195 1951 expertes
1221 1909 1442 1942 statuarum
1515 1918 1517 1923 ⁴

241 1977 321 2012 ritu
340 1977 540 2022 patiemur
558 1985 711 2019 pannos
732 1977 775 2010 et
794 1971 979 2008 vincla?''
1002 2000 1010 2008 .
1034 2000 1043 2008 .
1066 2000 1074 2009 .

242 2033 266 2049 “
279 2040 425 2078 Adhuc
444 2039 605 2086 aliquod
624 2041 702 2076 iter
727 2038 864 2075 salutis
884 2037 1156 2084 quaerendum
1181 2042 1253 2075 est.
1313 2037 1440 2084 Inspi-

241 2110 333 2155 cite,
353 2107 462 2154 quod
481 2119 556 2153 ego
575 2108 720 2143 inveni.
772 2104 989 2151 Eumolpus
1008 2110 1199 2151 tanquam
1218 2105 1441 2143 litterarum

350 2168 429 2208 206
