1534 2470
363 208 526 247 TITUS
557 207 869 246 PETRONIUS
899 207 1138 246 ARBITER

176 348 225 388 19
255 286 483 389 ξῖἶιῇτξέιξ
502 345 632 380 eiecta
651 341 781 379 nudus
800 346 886 379 rate
907 344 1064 388 quaerit
1082 342 1223 381 eodem

364 419 595 453 percussum
614 405 710 451 telo,
731 407 795 442 cui
814 418 884 442 sua
902 404 985 443 fata
1007 398 1127 443 fleat.¹

256 470 462 508 Grandine
482 471 550 515 qui
570 473 728 514 segetes
749 473 792 505 et
810 473 942 505 totum
962 468 1139 515 perdidit
1156 479 1320 516 annum,

364 536 406 570 in
425 532 544 571 simili
563 531 687 569 deflet
706 534 835 568 tristia
854 531 937 569 fata
956 534 1055 569 sinu.

256 598 413 636 Funera
432 595 647 633 conciliant
666 597 842 641 miseros,
862 595 1027 641 orbique
1046 600 1234 642 parentes

365 662 617 705 coniungunt
634 661 810 705 gemitus
830 663 873 695 et
892 658 988 696 facit
1007 658 1104 696 hora
1121 671 1246 705 pares.

255 725 338 763 Nos
358 735 516 770 quoque
536 721 708 759 confusis
728 721 916 758 feriemus
936 720 1065 758 sidera
1083 722 1233 767 verbis;

365 787 470 824 fama
490 790 552 823 est
572 777 820 822 coniunctas²
840 784 981 822 fortius
1000 787 1058 822 ire
1078 797 1225 831 preces.

255 951 306 991 93
329 945 484 984 P.L.M.

175 1016 226 1049 20
257 1012 391 1048 Aurea
409 1009 513 1046 mala
532 1008 644 1054 mihi,
664 1007 790 1045 dulcis
810 1020 900 1044 mea
921 1007 1079 1053 Martia,
1099 1009 1240 1053 mittis,

363 1075 491 1110 mittis
511 1077 555 1109 et
573 1071 749 1108 hirsutae
770 1083 936 1108 munera
955 1074 1175 1107 castaneae.

256 1138 403 1176 Omnia
421 1140 536 1182 grata
554 1140 708 1182 putem,
728 1133 799 1172 sed
819 1136 851 1171 si
871 1136 998 1179 magis
1018 1135 1102 1180 ipsa
1120 1136 1257 1171 venire

364 1212 524 1238 ornares
543 1198 706 1243 donum,
726 1197 863 1244 pulcra
882 1196 1029 1243 puella,
1049 1201 1175 1234 tuum.

253 1264 315 1302 Tu
335 1264 432 1301 licet
450 1266 637 1309 apportes
657 1262 898 1306 stringentia
917 1258 1022 1296 mala
1042 1257 1232 1305 palatum,

363 1328 493 1364 tristia
511 1323 720 1362 mandenti
741 1327 804 1360 est
822 1322 991 1359 melleus
1011 1334 1078 1359 ore
1098 1334 1222 1368 sapor.

256 1391 313 1429 At
332 1393 364 1428 si
384 1387 621 1434 dissimulas,
641 1386 815 1424 multum
835 1385 934 1422 mihi
956 1398 1057 1431 cara,
1077 1387 1227 1431 venire,

364 1452 497 1491 oscula
516 1463 607 1488 cum
627 1452 754 1496 pomis
774 1452 914 1493 mitte3
942 1448 1088 1485 vorabo
1106 1447 1245 1485 libens.

363 1578 483 1617 .L.M.

173 1651 217 1683 21
254 1585 307 1683 g?
318 1580 469 1680 lglioebi
488 1653 596 1679 soror
615 1652 671 1686 es,
690 1638 838 1676 mando
857 1638 944 1683 tibi,
966 1637 1095 1683 Delia,
1116 1649 1284 1684 causam,

363 1705 516 1744 scilicet
534 1708 582 1741 ut
601 1702 715 1740 fratri
736 1714 837 1748 quae
859 1705 954 1747 peto
974 1700 1095 1737 verba
1114 1699 1236 1737 feras:

254 1761 488 1808 “Marmore
509 1767 666 1805 Sicanio
687 1767 812 1803 struxi
832 1765 919 1810 tibi,
942 1763 1153 1809 Delphice,
1174 1763 1371 1810 templum

363 1837 407 1870 et
425 1831 579 1868 levibus
599 1829 758 1866 calamis
779 1826 948 1864 candida
968 1827 1089 1863 verba
1107 1826 1212 1863 dedi.

255 1897 373 1934 Nunc
394 1897 426 1932 si
446 1906 518 1931 nos
537 1892 650 1930 audis
670 1896 791 1937 atque
811 1903 854 1927 es
873 1889 1042 1935 divinus,
1064 1888 1222 1936 Apollo,

364 1958 428 1995 die
447 1956 560 2002 mihi,
576 1957 644 2001 qui
663 1965 846 1991 nummos
865 1965 947 1989 non
966 1951 1101 1997 habet,
1119 1951 1226 1989 unde
1245 1951 1395 1998 petat.''

296 2063 400 2095 'fleat
409 2060 556 2102 Jacobs:
578 2061 680 2100 legat
705 2058 755 2090 W.

294 2105 417 2138 ²fama
433 2108 488 2136 est
505 2103 713 2135 coniunctas
728 2101 879 2133 Butler:
902 2103 936 2131 et
954 2099 1054 2131 fama
1070 2103 1124 2131 est
1138 2103 1311 2131 constans
1338 2099 1385 2131 W.

361 2158 440 2193 354
