1534 2470
162 294 230 329 141

487 212 649 251 TITUS
680 212 992 251 PETRONIUS
1020 212 1260 251 ARBITER

307 282 417 338 ‚“Ex
436 291 573 330 Africa
590 295 714 340 navis,
730 298 776 331 ut
790 295 1038 340 promiseras,
1053 306 1144 331 cum
1159 295 1328 340 pecunia
1341 298 1412 331 tua
1425 306 1469 333 ev

264 358 413 396 familia
438 372 521 397 non
544 363 666 397 venit.
726 359 959 407 Captatores
984 362 1063 397 iam
1089 360 1272 398 exhausti
1295 359 1466 398 liberali-

263 431 392 464 tatem
422 429 722 464 imminuerunt.
783 426 925 473 Itaque
954 431 1025 464 aut
1052 426 1180 474 fallor,
1209 432 1280 465 aut
1307 426 1464 465 fortuna

264 496 484 532 communis
499 497 632 541 coepit
650 494 781 532 redire
799 493 851 531 ad
870 497 1159 541 paenitentiam
1179 486 1344 533 tuam”¹
1363 523 1372 532 .
1395 523 1404 532 .
1426 522 1436 532 .

318 550 343 568 “
353 559 518 607 Omnes,
553 563 622 607 qui
655 563 698 598 in
731 565 977 598 testamento
1010 574 1101 599 meo
1133 561 1268 608 legata
1299 560 1464 607 habent,

261 632 421 675 praeter
439 627 604 666 libertos
624 641 734 666 meos
753 627 828 665 hac
849 627 1082 666 condicione
1105 630 1342 675 percipient,
1362 640 1464 675 quae

261 694 368 741 dedi,
389 697 421 732 si
441 708 583 742 corpus
602 708 738 732 meum
756 697 798 732 in
818 699 952 741 partes
978 695 1227 733 conciderint
1245 699 1289 733 et
1306 699 1464 733 astante

259 761 407 808 populo
427 760 707 799 comederint”
729 790 738 799 .
761 789 770 798 .
793 790 802 799 .

316 818 472 875 “Apud
488 828 678 875 quasdam
692 833 837 875 gentes
852 833 996 866 scimus
1010 828 1141 866 adhuc
1156 828 1289 875 legem
1303 830 1462 875 servari,

259 898 306 934 ut
327 908 351 932 a
374 898 606 942 propinquis
633 898 712 933 suis
739 900 1023 933 consumantur
1041 895 1236 942 defuncti,
1255 895 1356 933 adeo
1374 897 1461 942 qui-

258 961 366 1009 dem,
395 967 442 1000 ut
470 963 733 1008 obiurgentur
760 965 870 1008 aegri
899 962 1144 1009 frequenter,
1165 962 1272 1009 quod
1302 975 1461 1000 carnem
1519 982 1534 1017 [ι

257 1042 370 1067 suam
390 1029 539 1067 faciant
558 1033 747 1077 peiorem.
808 1029 885 1067 His
900 1029 1096 1067 admoneo
1111 1032 1256 1067 amicos
1270 1042 1392 1076 meos,
1407 1041 1460 1068 ne
1532 1040 1534 1042 ·

258 1101 446 1134 recusent
479 1109 580 1143 quae
614 1096 744 1142 iubeo,
774 1096 845 1134 sed
879 1096 1021 1142 quibus
1053 1098 1194 1133 animis
1227 1095 1459 1134 devoverint

256 1165 439 1210 spiritum
459 1176 607 1210 meum,
628 1163 780 1201 eisdem
800 1166 921 1200 etiam
941 1176 1081 1209 corpus
1100 1161 1366 1200 consumant''
1382 1190 1393 1200 .
1413 1190 1424 1200 .
1443 1189 1456 1201 .

313 1229 564 1267 Excaecabat
583 1233 777 1276 pecuniae
797 1232 940 1275 ingens
960 1229 1065 1266 fama
1080 1228 1212 1266 oculos
1227 1231 1456 1276 animosque
1480 1263 1482 1265 .

257 1298 500 1333 miserorum.

314 1362 462 1409 Gorgia
481 1367 641 1410 paratus
662 1368 748 1400 erat
767 1365 930 1409 exsequi
950 1392 958 1400 .
982 1391 990 1400 .
1014 1391 1023 1400 .

311 1420 410 1467 “De
449 1429 643 1467 stomachi
677 1432 737 1467 tui
779 1432 1028 1467 recusatione
1066 1442 1147 1466 non
1184 1428 1313 1466 habeo
1350 1428 1456 1475 quod

256 1495 431 1530 timeam.
492 1493 692 1539 Sequetur
720 1496 943 1539 imperium,
973 1495 1005 1530 si
1037 1494 1262 1539 promiseris
1294 1491 1353 1530 illi
1385 1505 1456 1539 pro

255 1563 373 1597 unius
393 1559 514 1597 horae
535 1559 695 1597 fastidio
714 1560 931 1597 multorum
951 1560 1142 1597 bonorum
1166 1561 1451 1605 pensationem.

257 1626 381 1672 Operi
396 1626 515 1663 modo
535 1626 668 1663 oculos
689 1631 731 1663 et
751 1626 856 1672 finge
876 1631 918 1664 te
938 1639 1019 1663 non
1034 1625 1207 1662 humana
1221 1627 1369 1663 viscera
1383 1625 1454 1663 sed

255 1695 409 1730 centies
424 1695 654 1730 sestertium
675 1705 860 1730 comesse.
902 1692 1073 1729 Accedit
1091 1691 1182 1737 huc,
1199 1691 1305 1737 quod
1323 1691 1454 1738 aliqua
1519 1710 1525 1742 3

254 1757 503 1793 inveniemus
535 1755 822 1801 blandimenta,
857 1756 998 1802 quibus
1032 1767 1212 1802 saporem
1240 1757 1449 1792 mutemus.
1519 1802 1525 1806 Α

254 1818 398 1864 Neque
419 1821 527 1855 enim
548 1818 628 1855 ulla
654 1830 741 1855 carc
767 1831 841 1865 per
860 1831 902 1855 se
922 1818 1066 1864 placet,
1087 1817 1158 1855 sed
1176 1822 1262 1854 arte
1283 1816 1451 1863 quadam
1517 1844 1534 1875 ‚1'

254 1884 519 1927 corrumpitur
539 1886 582 1919 et
601 1881 805 1918 stomacho
825 1881 1058 1918 conciliatur
1076 1893 1222 1918 averso.
1281 1879 1400 1926 Quod
1418 1882 1452 1918 si

254 1944 447 1991 exemplis
486 1957 643 1991 quoque
686 1947 743 1981 vis
789 1945 945 1990 probari
983 1943 1202 1989 consilium,
1241 1942 1450 1989 Saguntini

251 2010 429 2054 oppressi
466 2008 516 2044 ab
553 2007 782 2044 Hannibale
816 2007 1008 2044 humanas
1042 2006 1162 2044 edere
1196 2018 1345 2052 carnes,
1374 2018 1450 2045 nec

645 2106 759 2142 'tuam
771 2088 891 2141 Buscb
900 2118 915 2140 .·
936 2117 1048 2140 suam.

361 2163 440 2198 820
