1534 2470
129 1422 179 1456 82

430 196 593 238 TITUS
624 198 936 240 PETRONIUS
965 201 1206 240 ARBITER

209 277 445 325 frequenter
471 282 594 317 etiam
619 280 932 327 proclamabam:
962 270 988 290 “
1001 294 1097 328 ergo
1115 295 1181 320 me
1200 295 1282 320 non
1300 284 1415 321 ruina

210 339 317 372 terra
345 337 478 381 potuit
509 334 692 373 haurire?
749 336 842 374 Non
870 339 1016 374 iratum
1044 339 1167 375 etiam
1189 340 1414 376 innocenti-

210 390 284 428 bus
303 391 436 427 mare?
495 390 628 437 Effugi
653 390 858 438 iudicium,
878 391 1052 430 harenae
1078 395 1260 439 imposui,
1280 392 1413 440 hospi-

210 449 296 483 tem
324 445 465 491 occidi,
495 450 542 483 ut
570 449 678 484 inter
706 451 757 484 tot
784 447 973 485 audaciae
1002 451 1164 485 nomina
1191 447 1413 494 mendicus,

210 500 316 545 exul,
342 503 385 537 in
413 500 639 539 deversorio
668 501 845 540 Graecae
874 503 981 540 urbis
1009 505 1179 541 iacerem
1207 502 1414 541 desertus?

211 555 265 593 Et
285 558 372 602 quis
391 555 494 593 hanc
509 556 608 593 mihi
623 556 882 595 solitudinem
896 558 1109 604 imposuit?
1165 557 1414 596 Adulescens

209 613 318 648 omni
340 610 509 648 libidine
534 614 712 658 impurus
733 608 782 650 'et
807 626 877 650 sua
902 626 1060 659 quoque
1087 612 1334 651 confessione
1353 613 1413 651 di-

209 679 312 712 gnus
328 666 459 712 exilio,
471 671 610 713 stupro
623 667 738 714 liber,
753 672 891 714 stupro
902 671 1113 715 ingenuus,
1129 671 1240 706 cuius
1253 671 1348 706 anni
1361 667 1412 706 ad

210 726 402 759 tesseram
421 725 647 769 venierunt,
667 735 788 769 quem
812 728 1004 770 tanquam
1027 723 1202 770 puellam
1222 723 1414 761 conduxit

211 779 334 814 etiam
353 779 422 823 qui
441 780 569 814 virum
588 781 756 824 putavit.
814 777 924 825 Quid
942 778 1010 816 ille
1030 779 1158 816 alter?
1205 778 1286 826 Qui
1306 769 1412 825 [tan-

210 823 346 878 quam]
376 824 459 870 die1
487 837 607 879 togae
636 833 758 871 virilis
786 833 930 871 stolam
959 837 1140 881 sumpsit,
1171 836 1240 881 qui
1267 847 1321 872 ne
1354 836 1414 871 vir

211 895 331 937 esset,
362 904 386 927 a
415 895 544 928 matre
574 904 783 938 persuasus
813 897 888 938 est,
915 894 983 938 qui
1015 905 1114 939 opus
1146 892 1340 930 muliebre
1371 894 1414 929 in

211 948 413 995 ergastulo
439 949 549 996 fecit,
570 952 638 996 qui
662 955 873 996 postquam
897 951 1149 988 conturbavit
1173 955 1216 988 et
1237 950 1413 988 libidinis

210 1020 304 1045 suae
323 1007 451 1045 solum
470 1011 603 1054 vertit,
620 1008 783 1054 reliquit
802 1011 948 1046 veteris
970 1011 1169 1046 amicitiae
1188 1022 1336 1047 nomen
1356 1014 1411 1055 et,

210 1079 282 1113 pro
313 1066 453 1113 pudor,
485 1071 677 1113 tanquam
707 1067 851 1104 mulier
885 1066 1104 1105 secutuleia
1136 1069 1253 1105 unius
1282 1070 1412 1106 noctis

209 1130 321 1162 tactu
341 1128 474 1162 omnia
493 1125 686 1163 vendidit.
747 1125 886 1162 Iacent
905 1138 1012 1162 nunc
1031 1130 1226 1163 amatores
1245 1125 1411 1173 obligati

208 1184 395 1221 noctibus
427 1186 537 1229 totis,
564 1188 607 1221 et
639 1183 805 1221 forsitan
837 1186 986 1221 mutuis
1019 1183 1250 1222 libidinibus
1282 1187 1411 1223 attriti

209 1241 398 1280 derident
417 1241 674 1279 solitudinem
692 1255 833 1279 meam.
883 1242 964 1280 Sed
983 1255 1064 1279 non
1082 1245 1256 1289 impune.
1306 1243 1411 1281 Nam

209 1306 280 1339 aut
308 1303 367 1338 vir
396 1314 471 1347 ego
500 1301 680 1347 liberque
709 1314 791 1338 non
824 1314 924 1347 sum,
953 1306 1024 1339 aut
1060 1303 1179 1339 noxio
1216 1305 1410 1348 sanguine

210 1360 431 1406 parentabo
450 1362 616 1397 iniuriae
636 1359 789 1396 meae.”

266 1419 382 1456 Haec
409 1418 566 1456 locutus
600 1418 734 1465 gladio
762 1418 866 1456 latus
895 1421 1025 1465 cingo,
1055 1423 1098 1456 et
1125 1431 1177 1456 ne
1206 1418 1411 1457 infirmitas

209 1477 393 1515 militiam
413 1477 615 1523 perderet,
630 1477 863 1524 largioribus
883 1478 979 1515 cibis
1000 1480 1132 1515 excito
1150 1480 1263 1516 vires.
1314 1478 1409 1516 Mox

209 1539 252 1573 in
279 1535 484 1582 publicum
511 1535 671 1582 prosilio
690 1535 939 1582 furentisque
957 1548 1068 1573 more
1087 1548 1226 1574 omnes
1245 1539 1410 1575 circum-

209 1607 258 1633 eo
295 1597 479 1641 porticus.
549 1593 630 1632 Sed
667 1594 763 1631 dum
801 1597 974 1632 attonito
1011 1594 1124 1632 vultu
1167 1594 1410 1642 efferatoque

207 1653 309 1691 nihil
337 1652 445 1690 aliud
478 1665 596 1699 quam
630 1652 794 1690 caedem
825 1657 868 1690 et
898 1655 1134 1699 sanguinem
1165 1656 1297 1699 cogito
1330 1653 1407 1691 fre-

208 1714 476 1758 quentiusque
504 1724 667 1748 manum
695 1711 746 1748 ad
775 1711 972 1757 capulum,
1002 1723 1122 1757 quem
1158 1711 1407 1757 devoveram,

207 1770 350 1815 refero,
382 1772 538 1806 notavit
566 1782 632 1806 me
662 1769 789 1815 miles,
821 1772 903 1806 sive
934 1769 1002 1806 ille
1033 1769 1174 1816 planus
1211 1769 1289 1807 fuit
1325 1773 1407 1808 sive

207 1833 425 1866 nocturnus
444 1832 654 1874 grassator,
670 1832 713 1864 et
733 1817 876 1874 “Quid
894 1827 972 1865 tu''
993 1830 1125 1874 inquit
1144 1818 1407 1874 “commilito,

207 1899 257 1924 ex
286 1899 364 1933 qua
392 1886 552 1933 legione
581 1899 624 1924 es
652 1890 722 1923 aut
751 1889 861 1923 cuius
890 1886 1126 1923 centuria?''
1185 1886 1284 1923 Cum
1315 1899 1408 1924 con-

206 1947 450 1983 stantissime
471 1949 514 1982 et
529 1947 805 1982 centurionem
819 1949 862 1982 et
876 1944 1079 1991 legionem
1093 1957 1222 1982 essem
1237 1946 1406 1982 ementi-

206 2008 283 2050 tus,
326 1994 453 2050 “Age
498 2015 594 2049 ergo
607 2002 630 2016 '’
677 2005 809 2048 inquit
845 2002 914 2040 ille
949 1993 1028 2039 “in
1061 2005 1239 2040 exercitu
1273 2006 1405 2040 vestro

452 2099 565 2132 'alter
580 2099 636 2131 die
652 2099 710 2140 qui
726 2101 898 2140 tanquam
915 2102 1025 2141 togae
1041 2098 1144 2132 MSS.

319 2163 336 2196 1
345 2157 396 2198 62

1524 767 1534 893 ἐ

1525 894 1534 977 ε
