<?xml version="1.0" encoding="UTF-8"?>
<!DOCTYPE html PUBLIC "-//W3C//DTD XHTML 1.0 Transitional//EN"
    "http://www.w3.org/TR/xhtml1/DTD/xhtml1-transitional.dtd">
<html xmlns="http://www.w3.org/1999/xhtml" xml:lang="en" lang="en">
 <head>
  <title>
</title>
<meta http-equiv="Content-Type" content="text/html;charset=utf-8" />
  <meta name='ocr-system' content='tesseract 3.04.00' />
  <meta name='ocr-capabilities' content='ocr_page ocr_carea ocr_par ocr_line ocrx_word'/>
</head>
<body>
  <div class='ocr_page' id='page_1' title='image "./petronius00petruoft_0266.png"; bbox 0 0 1534 2470; ppageno 0'>
   <div class='ocr_carea' id='block_1_1' title="bbox 131 284 205 318">
    <p class='ocr_par' dir='ltr' id='par_1_1' title="bbox 131 284 205 318">
     <span class='ocr_line' id='line_1_1' title="bbox 131 284 205 318; baseline 0.014 -1"><span class='ocrx_word' id='word_1_1' title='bbox 131 284 205 318; x_wconf 83' lang='lat'><strong>114</strong></span> 
     </span>
    </p>
   </div>
   <div class='ocr_carea' id='block_1_2' title="bbox 455 207 1229 248">
    <p class='ocr_par' dir='ltr' id='par_1_2' title="bbox 455 207 1229 248">
     <span class='ocr_line' id='line_1_2' title="bbox 455 207 1229 248; baseline 0.001 -2"><span class='ocrx_word' id='word_1_2' title='bbox 455 207 617 248; x_wconf 90' lang='lat' dir='ltr'>TITUS</span> <span class='ocrx_word' id='word_1_3' title='bbox 648 207 960 248; x_wconf 89' lang='lat' dir='ltr'>PETRONIUS</span> <span class='ocrx_word' id='word_1_4' title='bbox 989 207 1229 248; x_wconf 83' lang='lat' dir='ltr'><strong>ARBITER</strong></span> 
     </span>
    </p>
   </div>
   <div class='ocr_carea' id='block_1_3' title="bbox 291 279 1436 328">
    <p class='ocr_par' dir='ltr' id='par_1_3' title="bbox 291 279 1436 328">
     <span class='ocr_line' id='line_1_3' title="bbox 291 279 1436 328; baseline 0 -10"><span class='ocrx_word' id='word_1_5' title='bbox 291 279 399 318; x_wconf 89' lang='lat' dir='ltr'><strong>Dum</strong></span> <span class='ocrx_word' id='word_1_6' title='bbox 428 280 528 318; x_wconf 92' lang='lat' dir='ltr'><strong>haec</strong></span> <span class='ocrx_word' id='word_1_7' title='bbox 556 281 731 327; x_wconf 89' lang='lat' dir='ltr'><strong>taliaque</strong></span> <span class='ocrx_word' id='word_1_8' title='bbox 762 283 967 328; x_wconf 85' lang='lat' dir='ltr'><strong>iactamus,</strong></span> <span class='ocrx_word' id='word_1_9' title='bbox 995 281 1194 319; x_wconf 83' lang='lat' dir='ltr'>inhorruit</span> <span class='ocrx_word' id='word_1_10' title='bbox 1220 293 1329 318; x_wconf 82' lang='lat' dir='ltr'><strong>mare</strong></span> <span class='ocrx_word' id='word_1_11' title='bbox 1361 292 1436 319; x_wconf 90' lang='lat' dir='ltr'><strong>nu·</strong></span> 
     </span>
    </p>
   </div>
   <div class='ocr_carea' id='block_1_4' title="bbox 231 355 1437 2015">
    <p class='ocr_par' dir='ltr' id='par_1_4' title="bbox 233 355 1437 1259">
     <span class='ocr_line' id='line_1_4' title="bbox 234 355 1436 403; baseline 0.001 -10"><span class='ocrx_word' id='word_1_12' title='bbox 234 356 384 403; x_wconf 88' lang='lat' dir='ltr'><strong>besque</strong></span> <span class='ocrx_word' id='word_1_13' title='bbox 400 356 578 403; x_wconf 89' lang='lat' dir='ltr'><strong>undique</strong></span> <span class='ocrx_word' id='word_1_14' title='bbox 593 356 791 394; x_wconf 84' lang='lat' dir='ltr'><strong>adductae</strong></span> <span class='ocrx_word' id='word_1_15' title='bbox 807 357 976 394; x_wconf 89' lang='lat' dir='ltr'><strong>obruere</strong></span> <span class='ocrx_word' id='word_1_16' title='bbox 992 357 1170 394; x_wconf 88' lang='lat' dir='ltr'><strong>tenebris</strong></span> <span class='ocrx_word' id='word_1_17' title='bbox 1185 356 1303 394; x_wconf 90' lang='lat' dir='ltr'><strong>diem.</strong></span> <span class='ocrx_word' id='word_1_18' title='bbox 1345 355 1436 394; x_wconf 87' lang='lat' dir='ltr'><strong>Dis-</strong></span> 
     </span>
     <span class='ocr_line' id='line_1_5' title="bbox 233 422 1436 470; baseline 0 -10"><span class='ocrx_word' id='word_1_19' title='bbox 233 428 400 460; x_wconf 80' lang='lat' dir='ltr'>currunt</span> <span class='ocrx_word' id='word_1_20' title='bbox 418 428 565 460; x_wconf 88' lang='lat' dir='ltr'><strong>nautae</strong></span> <span class='ocrx_word' id='word_1_21' title='bbox 591 422 643 461; x_wconf 87' lang='lat' dir='ltr'><strong>ad</strong></span> <span class='ocrx_word' id='word_1_22' title='bbox 668 423 793 460; x_wconf 88' lang='lat' dir='ltr'><strong>officia</strong></span> <span class='ocrx_word' id='word_1_23' title='bbox 819 423 1068 470; x_wconf 81' lang='lat' dir='ltr'><strong>trepidantes</strong></span> <span class='ocrx_word' id='word_1_24' title='bbox 1090 422 1259 470; x_wconf 88' lang='lat' dir='ltr'><strong>velaque</strong></span> <span class='ocrx_word' id='word_1_25' title='bbox 1281 427 1436 469; x_wconf 86' lang='lat' dir='ltr'><strong>tempe-</strong></span> 
     </span>
     <span class='ocr_line' id='line_1_6' title="bbox 235 489 1437 536; baseline -0.001 -9"><span class='ocrx_word' id='word_1_26' title='bbox 235 492 329 527; x_wconf 87' lang='lat' dir='ltr'><strong>stati</strong></span> <span class='ocrx_word' id='word_1_27' title='bbox 338 489 577 527; x_wconf 89' lang='lat' dir='ltr'><strong>subducunt.</strong></span> <span class='ocrx_word' id='word_1_28' title='bbox 590 489 671 527; x_wconf 90' lang='lat' dir='ltr'><strong>Sed</strong></span> <span class='ocrx_word' id='word_1_29' title='bbox 683 502 759 527; x_wconf 89' lang='lat' dir='ltr'><strong>nec</strong></span> <span class='ocrx_word' id='word_1_30' title='bbox 771 495 901 527; x_wconf 89' lang='lat' dir='ltr'><strong>certos</strong></span> <span class='ocrx_word' id='word_1_31' title='bbox 909 489 1051 527; x_wconf 88' lang='lat' dir='ltr'><strong>fluctus</strong></span> <span class='ocrx_word' id='word_1_32' title='bbox 1060 495 1202 527; x_wconf 90' lang='lat' dir='ltr'><strong>ventus</strong></span> <span class='ocrx_word' id='word_1_33' title='bbox 1211 489 1437 536; x_wconf 77' lang='lat' dir='ltr'><strong>impulerat,</strong></span> 
     </span>
     <span class='ocr_line' id='line_1_7' title="bbox 234 555 1436 603; baseline -0.001 -10"><span class='ocrx_word' id='word_1_34' title='bbox 234 569 310 594; x_wconf 88' lang='lat' dir='ltr'><strong>nec</strong></span> <span class='ocrx_word' id='word_1_35' title='bbox 323 569 401 603; x_wconf 91' lang='lat' dir='ltr'><strong>quo</strong></span> <span class='ocrx_word' id='word_1_36' title='bbox 410 556 632 594; x_wconf 88' lang='lat' dir='ltr'><strong>destinaret</strong></span> <span class='ocrx_word' id='word_1_37' title='bbox 641 570 811 602; x_wconf 90' lang='lat' dir='ltr'><strong>cursum,</strong></span> <span class='ocrx_word' id='word_1_38' title='bbox 819 557 1063 602; x_wconf 82' lang='lat' dir='ltr'><strong>gubernator</strong></span> <span class='ocrx_word' id='word_1_39' title='bbox 1071 557 1231 595; x_wconf 83' lang='lat' dir='ltr'><strong>sciebat.</strong></span> <span class='ocrx_word' id='word_1_40' title='bbox 1263 555 1436 594; x_wconf 87' lang='lat' dir='ltr'><strong>Siciliam</strong></span> 
     </span>
     <span class='ocr_line' id='line_1_8' title="bbox 235 613 1436 669; baseline -0.001 -9"><span class='ocrx_word' id='word_1_41' title='bbox 235 622 354 660; x_wconf 91' lang='lat' dir='ltr'><strong>modo</strong></span> <span class='ocrx_word' id='word_1_42' title='bbox 373 628 518 660; x_wconf 89' lang='lat' dir='ltr'><strong>ventus</strong></span> <span class='ocrx_word' id='word_1_43' title='bbox 538 623 673 669; x_wconf 88' lang='lat' dir='ltr'><strong>dabat,</strong></span> <span class='ocrx_word' id='word_1_44' title='bbox 689 625 916 669; x_wconf 84' lang='lat' dir='ltr'><strong>saepissime</strong></span> <span class='ocrx_word' id='word_1_45' title='bbox 937 614 996 669; x_wconf 91' lang='lat' dir='ltr'><strong>[in</strong></span> <span class='ocrx_word' id='word_1_46' title='bbox 1015 613 1142 669; x_wconf 86' lang='lat' dir='ltr'><strong>oram]</strong></span> <span class='ocrx_word' id='word_1_47' title='bbox 1163 622 1292 660; x_wconf 89' lang='lat' dir='ltr'><strong>Italici</strong></span> <span class='ocrx_word' id='word_1_48' title='bbox 1310 622 1436 660; x_wconf 87' lang='lat' dir='ltr'><strong>litoris</strong></span> 
     </span>
     <span class='ocr_line' id='line_1_9' title="bbox 234 680 1436 736; baseline -0.001 -10"><span class='ocrx_word' id='word_1_49' title='bbox 234 689 367 736; x_wconf 89' lang='lat' dir='ltr'><strong>aquilo</strong></span> <span class='ocrx_word' id='word_1_50' title='bbox 378 702 578 736; x_wconf 86' lang='lat' dir='ltr'><strong>possessor</strong></span> <span class='ocrx_word' id='word_1_51' title='bbox 586 690 846 727; x_wconf 84' lang='lat' dir='ltr'><strong>convertebat</strong></span> <span class='ocrx_word' id='word_1_52' title='bbox 858 689 936 727; x_wconf 89' lang='lat' dir='ltr'><strong>huc</strong></span> <span class='ocrx_word' id='word_1_53' title='bbox 949 689 1043 727; x_wconf 91' lang='lat' dir='ltr'><strong>illuc</strong></span> <span class='ocrx_word' id='word_1_54' title='bbox 1056 690 1266 727; x_wconf 88' lang='lat' dir='ltr'><strong>obnoxiam</strong></span> <span class='ocrx_word' id='word_1_55' title='bbox 1277 680 1436 734; x_wconf 60' lang='lat' dir='ltr'><strong>ratem}</strong></span> 
     </span>
     <span class='ocr_line' id='line_1_10' title="bbox 235 756 1437 803; baseline -0.001 -10"><span class='ocrx_word' id='word_1_56' title='bbox 235 761 278 794; x_wconf 91' lang='lat' dir='ltr'><strong>et</strong></span> <span class='ocrx_word' id='word_1_57' title='bbox 293 756 400 803; x_wconf 91' lang='lat' dir='ltr'><strong>quod</strong></span> <span class='ocrx_word' id='word_1_58' title='bbox 412 757 595 794; x_wconf 91' lang='lat' dir='ltr'><strong>omnibus</strong></span> <span class='ocrx_word' id='word_1_59' title='bbox 610 756 794 803; x_wconf 90' lang='lat' dir='ltr'><strong>procellis</strong></span> <span class='ocrx_word' id='word_1_60' title='bbox 808 756 1065 803; x_wconf 87' lang='lat' dir='ltr'><strong>periculosius</strong></span> <span class='ocrx_word' id='word_1_61' title='bbox 1079 761 1178 802; x_wconf 87' lang='lat' dir='ltr'><strong>erat,</strong></span> <span class='ocrx_word' id='word_1_62' title='bbox 1192 761 1277 793; x_wconf 93' lang='lat' dir='ltr'><strong>tam</strong></span> <span class='ocrx_word' id='word_1_63' title='bbox 1290 758 1437 802; x_wconf 87' lang='lat' dir='ltr'><strong>spissae</strong></span> 
     </span>
     <span class='ocr_line' id='line_1_11' title="bbox 235 823 1436 870; baseline -0.002 -10"><span class='ocrx_word' id='word_1_64' title='bbox 235 828 404 870; x_wconf 87' lang='lat' dir='ltr'><strong>repente</strong></span> <span class='ocrx_word' id='word_1_65' title='bbox 430 824 623 860; x_wconf 87' lang='lat' dir='ltr'><strong>tenebrae</strong></span> <span class='ocrx_word' id='word_1_66' title='bbox 646 823 779 861; x_wconf 91' lang='lat' dir='ltr'><strong>lucem</strong></span> <span class='ocrx_word' id='word_1_67' title='bbox 803 828 1117 869; x_wconf 86' lang='lat' dir='ltr'><strong>suppresserant,</strong></span> <span class='ocrx_word' id='word_1_68' title='bbox 1136 828 1183 860; x_wconf 91' lang='lat' dir='ltr'><strong>ut</strong></span> <span class='ocrx_word' id='word_1_69' title='bbox 1205 835 1258 860; x_wconf 92' lang='lat' dir='ltr'><strong>ne</strong></span> <span class='ocrx_word' id='word_1_70' title='bbox 1281 834 1436 869; x_wconf 87' lang='lat' dir='ltr'><strong>proram</strong></span> 
     </span>
     <span class='ocr_line' id='line_1_12' title="bbox 236 887 1437 937; baseline -0.002 -9"><span class='ocrx_word' id='word_1_71' title='bbox 236 890 400 937; x_wconf 87' lang='lat' dir='ltr'><strong>quidem</strong></span> <span class='ocrx_word' id='word_1_72' title='bbox 427 895 555 928; x_wconf 88' lang='lat' dir='ltr'><strong>totam</strong></span> <span class='ocrx_word' id='word_1_73' title='bbox 584 890 829 936; x_wconf 90' lang='lat' dir='ltr'><strong>gubernator</strong></span> <span class='ocrx_word' id='word_1_74' title='bbox 857 889 1023 927; x_wconf 88' lang='lat' dir='ltr'><strong>videret.</strong></span> <span class='ocrx_word' id='word_1_75' title='bbox 1083 889 1226 936; x_wconf 88' lang='lat' dir='ltr'><strong>Itaque</strong></span> <span class='ocrx_word' id='word_1_76' title='bbox 1254 887 1437 927; x_wconf 83' lang='lat' dir='ltr'><strong>hercules</strong></span> 
     </span>
     <span class='ocr_line' id='line_1_13' title="bbox 234 948 1437 1004; baseline -0.002 -9"><span class='ocrx_word' id='word_1_77' title='bbox 234 962 445 1004; x_wconf 87' lang='lat' dir='ltr'><strong>postquam</strong></span> <span class='ocrx_word' id='word_1_78' title='bbox 459 959 577 993; x_wconf 87' lang='lat' dir='ltr'><strong>maris</strong></span> <span class='ocrx_word' id='word_1_79' title='bbox 593 959 650 993; x_wconf 88' lang='lat' dir='ltr'><strong>ira</strong></span> <span class='ocrx_word' id='word_1_80' title='bbox 663 948 828 994; x_wconf 76' lang='lat' dir='ltr'><strong>infesta²</strong></span> <span class='ocrx_word' id='word_1_81' title='bbox 847 956 1062 1002; x_wconf 89' lang='lat' dir='ltr'><strong>convaluit,</strong></span> <span class='ocrx_word' id='word_1_82' title='bbox 1075 956 1218 994; x_wconf 88' lang='lat' dir='ltr'><strong>Lichas</strong></span> <span class='ocrx_word' id='word_1_83' title='bbox 1233 955 1437 1003; x_wconf 86' lang='lat' dir='ltr'><strong>trepidans</strong></span> 
     </span>
     <span class='ocr_line' id='line_1_14' title="bbox 234 1013 1437 1070; baseline -0.002 -9"><span class='ocrx_word' id='word_1_84' title='bbox 234 1023 285 1061; x_wconf 93' lang='lat' dir='ltr'><strong>ad</strong></span> <span class='ocrx_word' id='word_1_85' title='bbox 298 1037 363 1061; x_wconf 91' lang='lat' dir='ltr'><strong>me</strong></span> <span class='ocrx_word' id='word_1_86' title='bbox 379 1026 538 1070; x_wconf 85' lang='lat' dir='ltr'><strong>supinas</strong></span> <span class='ocrx_word' id='word_1_87' title='bbox 554 1026 723 1070; x_wconf 90' lang='lat' dir='ltr'><strong>porrigit</strong></span> <span class='ocrx_word' id='word_1_88' title='bbox 737 1037 878 1061; x_wconf 89' lang='lat' dir='ltr'><strong>manus</strong></span> <span class='ocrx_word' id='word_1_89' title='bbox 894 1028 937 1060; x_wconf 91' lang='lat' dir='ltr'><strong>et</strong></span> <span class='ocrx_word' id='word_1_90' title='bbox 950 1014 1027 1060; x_wconf 85' lang='lat' dir='ltr'><strong>“tu</strong></span> <span class='ocrx_word' id='word_1_91' title='bbox 1038 1023 1059 1036; x_wconf 86' lang='lat'><strong>”</strong></span> <span class='ocrx_word' id='word_1_92' title='bbox 1074 1025 1206 1069; x_wconf 89' lang='lat' dir='ltr'><strong>inquit</strong></span> <span class='ocrx_word' id='word_1_93' title='bbox 1221 1013 1437 1068; x_wconf 79' lang='lat' dir='ltr'><strong>“Encolpi,</strong></span> 
     </span>
     <span class='ocr_line' id='line_1_15' title="bbox 237 1086 1437 1138; baseline -0.002 -14"><span class='ocrx_word' id='word_1_94' title='bbox 237 1100 420 1125; x_wconf 89' lang='lat' dir='ltr'><strong>succurre</strong></span> <span class='ocrx_word' id='word_1_95' title='bbox 449 1087 769 1134; x_wconf 86' lang='lat' dir='ltr'><strong>periclitantibus</strong></span> <span class='ocrx_word' id='word_1_96' title='bbox 798 1091 841 1124; x_wconf 93' lang='lat' dir='ltr'><strong>et</strong></span> <span class='ocrx_word' id='word_1_97' title='bbox 869 1091 1023 1124; x_wconf 89' lang='lat' dir='ltr'><strong>vestem</strong></span> <span class='ocrx_word' id='word_1_98' title='bbox 1051 1086 1161 1123; x_wconf 89' lang='lat' dir='ltr'><strong>illam</strong></span> <span class='ocrx_word' id='word_1_99' title='bbox 1186 1086 1361 1123; x_wconf 88' lang='lat' dir='ltr'><strong>divinam</strong></span> <span class='ocrx_word' id='word_1_100' title='bbox 1372 1135 1373 1138; x_wconf 11' lang='grc' dir='ltr'><strong>Ἰ</strong></span> <span class='ocrx_word' id='word_1_101' title='bbox 1386 1087 1437 1122; x_wconf 90' lang='lat' dir='ltr'><strong>si·-</strong></span> 
     </span>
     <span class='ocr_line' id='line_1_16' title="bbox 235 1149 1436 1197; baseline -0.002 -9"><span class='ocrx_word' id='word_1_102' title='bbox 235 1156 442 1197; x_wconf 89' lang='lat' dir='ltr'><strong>strumque</strong></span> <span class='ocrx_word' id='word_1_103' title='bbox 461 1149 587 1187; x_wconf 91' lang='lat' dir='ltr'><strong>redde</strong></span> <span class='ocrx_word' id='word_1_104' title='bbox 607 1152 775 1196; x_wconf 86' lang='lat' dir='ltr'><strong>navigio.</strong></span> <span class='ocrx_word' id='word_1_105' title='bbox 828 1149 903 1187; x_wconf 92' lang='lat' dir='ltr'><strong>Per</strong></span> <span class='ocrx_word' id='word_1_106' title='bbox 922 1149 1055 1195; x_wconf 90' lang='lat' dir='ltr'><strong>fidem,</strong></span> <span class='ocrx_word' id='word_1_107' title='bbox 1074 1151 1277 1195; x_wconf 89' lang='lat' dir='ltr'><strong>miserere,</strong></span> <span class='ocrx_word' id='word_1_108' title='bbox 1297 1161 1436 1195; x_wconf 88' lang='lat' dir='ltr'><strong>quem-</strong></span> 
     </span>
     <span class='ocr_line' id='line_1_17' title="bbox 233 1212 793 1259; baseline -0.002 -8"><span class='ocrx_word' id='word_1_109' title='bbox 233 1213 450 1251; x_wconf 89' lang='lat' dir='ltr'><strong>admodum</strong></span> <span class='ocrx_word' id='word_1_110' title='bbox 469 1212 632 1259; x_wconf 89' lang='lat' dir='ltr'><strong>quidem</strong></span> <span class='ocrx_word' id='word_1_111' title='bbox 652 1212 793 1250; x_wconf 89' lang='lat' dir='ltr'><strong>soles.”</strong></span> 
     </span>
    </p>

    <p class='ocr_par' dir='ltr' id='par_1_5' title="bbox 232 1275 1437 1574">
     <span class='ocr_line' id='line_1_18' title="bbox 289 1275 1436 1322; baseline -0.002 -8"><span class='ocrx_word' id='word_1_112' title='bbox 289 1277 343 1314; x_wconf 91' lang='lat' dir='ltr'><strong>Et</strong></span> <span class='ocrx_word' id='word_1_113' title='bbox 361 1276 475 1314; x_wconf 92' lang='lat' dir='ltr'><strong>illum</strong></span> <span class='ocrx_word' id='word_1_114' title='bbox 494 1276 658 1322; x_wconf 88' lang='lat' dir='ltr'><strong>quidem</strong></span> <span class='ocrx_word' id='word_1_115' title='bbox 684 1275 971 1313; x_wconf 77' lang='lat' dir='ltr'><strong>vociferantem</strong></span> <span class='ocrx_word' id='word_1_116' title='bbox 996 1279 1039 1313; x_wconf 93' lang='lat' dir='ltr'><strong>in</strong></span> <span class='ocrx_word' id='word_1_117' title='bbox 1063 1288 1172 1314; x_wconf 84' lang='lat' dir='ltr'><strong>mare</strong></span> <span class='ocrx_word' id='word_1_118' title='bbox 1198 1279 1342 1313; x_wconf 86' lang='lat' dir='ltr'><strong>ventus</strong></span> <span class='ocrx_word' id='word_1_119' title='bbox 1368 1287 1436 1313; x_wconf 85' lang='lat' dir='ltr'><strong>ex-</strong></span> 
     </span>
     <span class='ocr_line' id='line_1_19' title="bbox 234 1339 1437 1386; baseline -0.002 -8"><span class='ocrx_word' id='word_1_120' title='bbox 234 1343 368 1386; x_wconf 92' lang='lat' dir='ltr'><strong>cussit,</strong></span> <span class='ocrx_word' id='word_1_121' title='bbox 377 1342 675 1386; x_wconf 86' lang='lat' dir='ltr'><strong>repetitumque</strong></span> <span class='ocrx_word' id='word_1_122' title='bbox 685 1339 832 1376; x_wconf 88' lang='lat' dir='ltr'><strong>infesto</strong></span> <span class='ocrx_word' id='word_1_123' title='bbox 843 1342 1004 1385; x_wconf 87' lang='lat' dir='ltr'><strong>gurgite</strong></span> <span class='ocrx_word' id='word_1_124' title='bbox 1018 1339 1191 1385; x_wconf 88' lang='lat' dir='ltr'><strong>procella</strong></span> <span class='ocrx_word' id='word_1_125' title='bbox 1203 1341 1437 1384; x_wconf 89' lang='lat' dir='ltr'><strong>circumegit</strong></span> 
     </span>
     <span class='ocr_line' id='line_1_20' title="bbox 233 1400 1435 1450; baseline -0.002 -9"><span class='ocrx_word' id='word_1_126' title='bbox 233 1408 355 1450; x_wconf 90' lang='lat' dir='ltr'><strong>atque</strong></span> <span class='ocrx_word' id='word_1_127' title='bbox 389 1402 532 1440; x_wconf 86' lang='lat' dir='ltr'><strong>hausit.</strong></span> <span class='ocrx_word' id='word_1_128' title='bbox 591 1402 872 1448; x_wconf 88' lang='lat' dir='ltr'><strong>Tryphaenam</strong></span> <span class='ocrx_word' id='word_1_129' title='bbox 905 1407 1042 1439; x_wconf 87' lang='lat' dir='ltr'><strong>autem</strong></span> <span class='ocrx_word' id='word_1_130' title='bbox 1074 1414 1198 1448; x_wconf 91' lang='lat' dir='ltr'><strong>prope</strong></span> <span class='ocrx_word' id='word_1_131' title='bbox 1231 1404 1310 1438; x_wconf 89' lang='lat' dir='ltr'><strong>iam</strong></span> <span class='ocrx_word' id='word_1_132' title='bbox 1339 1400 1435 1438; x_wconf 84' lang='lat' dir='ltr'><strong>fide-</strong></span> 
     </span>
     <span class='ocr_line' id='line_1_21' title="bbox 233 1465 1435 1512; baseline -0.002 -9"><span class='ocrx_word' id='word_1_133' title='bbox 233 1466 371 1504; x_wconf 88' lang='lat' dir='ltr'><strong>lissimi</strong></span> <span class='ocrx_word' id='word_1_134' title='bbox 403 1470 623 1512; x_wconf 88' lang='lat' dir='ltr'><strong>rapuerunt</strong></span> <span class='ocrx_word' id='word_1_135' title='bbox 656 1468 772 1511; x_wconf 86' lang='lat' dir='ltr'><strong>servi,</strong></span> <span class='ocrx_word' id='word_1_136' title='bbox 802 1465 1051 1512; x_wconf 87' lang='lat' dir='ltr'><strong>scaphaeque</strong></span> <span class='ocrx_word' id='word_1_137' title='bbox 1086 1467 1311 1511; x_wconf 78' lang='lat' dir='ltr'><strong>impositam</strong></span> <span class='ocrx_word' id='word_1_138' title='bbox 1344 1477 1435 1501; x_wconf 91' lang='lat' dir='ltr'><strong>cum</strong></span> 
     </span>
     <span class='ocr_line' id='line_1_22' title="bbox 232 1528 1431 1574; baseline -0.002 -8"><span class='ocrx_word' id='word_1_139' title='bbox 232 1532 404 1566; x_wconf 87' lang='lat' dir='ltr'><strong>maxima</strong></span> <span class='ocrx_word' id='word_1_140' title='bbox 416 1531 655 1566; x_wconf 88' lang='lat' dir='ltr'><strong>sarcinarum</strong></span> <span class='ocrx_word' id='word_1_141' title='bbox 668 1532 781 1574; x_wconf 88' lang='lat' dir='ltr'><strong>parte</strong></span> <span class='ocrx_word' id='word_1_142' title='bbox 795 1528 997 1565; x_wconf 89' lang='lat' dir='ltr'><strong>abduxere</strong></span> <span class='ocrx_word' id='word_1_143' title='bbox 1006 1530 1248 1565; x_wconf 88' lang='lat' dir='ltr'><strong>certissimae</strong></span> <span class='ocrx_word' id='word_1_144' title='bbox 1256 1529 1392 1564; x_wconf 83' lang='lat' dir='ltr'><strong>morti.</strong></span> <span class='ocrx_word' id='word_1_145' title='bbox 1402 1555 1411 1564; x_wconf 92' lang='lat'><em>.</em></span> <span class='ocrx_word' id='word_1_146' title='bbox 1423 1555 1431 1564; x_wconf 93' lang='lat'><strong>.</strong></span> 
     </span>
    </p>

    <p class='ocr_par' dir='ltr' id='par_1_6' title="bbox 231 1581 1436 2015">
     <span class='ocr_line' id='line_1_23' title="bbox 286 1581 1436 1638; baseline -0.002 -10"><span class='ocrx_word' id='word_1_147' title='bbox 286 1591 514 1638; x_wconf 90' lang='lat' dir='ltr'><strong>Applicitus</strong></span> <span class='ocrx_word' id='word_1_148' title='bbox 538 1604 629 1628; x_wconf 91' lang='lat' dir='ltr'><strong>cum</strong></span> <span class='ocrx_word' id='word_1_149' title='bbox 653 1591 824 1628; x_wconf 88' lang='lat' dir='ltr'><strong>clamore</strong></span> <span class='ocrx_word' id='word_1_150' title='bbox 843 1590 933 1628; x_wconf 88' lang='lat' dir='ltr'><strong>flevi</strong></span> <span class='ocrx_word' id='word_1_151' title='bbox 953 1595 996 1628; x_wconf 92' lang='lat' dir='ltr'><strong>et</strong></span> <span class='ocrx_word' id='word_1_152' title='bbox 1015 1581 1175 1627; x_wconf 80' lang='lat' dir='ltr'><strong>“Hoc”</strong></span> <span class='ocrx_word' id='word_1_153' title='bbox 1197 1593 1359 1635; x_wconf 83' lang='lat' dir='ltr'><strong>inquam</strong></span> <span class='ocrx_word' id='word_1_154' title='bbox 1379 1581 1436 1626; x_wconf 76' lang='lat' dir='ltr'><strong>“a</strong></span> 
     </span>
     <span class='ocr_line' id='line_1_24' title="bbox 232 1651 1435 1699; baseline -0.002 -8"><span class='ocrx_word' id='word_1_155' title='bbox 232 1654 308 1692; x_wconf 91' lang='lat' dir='ltr'><strong>diis</strong></span> <span class='ocrx_word' id='word_1_156' title='bbox 326 1656 556 1699; x_wconf 88' lang='lat' dir='ltr'><strong>meruimus,</strong></span> <span class='ocrx_word' id='word_1_157' title='bbox 576 1658 622 1690; x_wconf 93' lang='lat' dir='ltr'><strong>ut</strong></span> <span class='ocrx_word' id='word_1_158' title='bbox 641 1665 713 1690; x_wconf 91' lang='lat' dir='ltr'><strong>nos</strong></span> <span class='ocrx_word' id='word_1_159' title='bbox 733 1652 815 1690; x_wconf 89' lang='lat' dir='ltr'><strong>sola</strong></span> <span class='ocrx_word' id='word_1_160' title='bbox 833 1658 962 1690; x_wconf 89' lang='lat' dir='ltr'><strong>morte</strong></span> <span class='ocrx_word' id='word_1_161' title='bbox 982 1651 1298 1698; x_wconf 86' lang='lat' dir='ltr'><strong>coniungerent?</strong></span> <span class='ocrx_word' id='word_1_162' title='bbox 1354 1651 1435 1690; x_wconf 90' lang='lat' dir='ltr'><strong>Sed</strong></span> 
     </span>
     <span class='ocr_line' id='line_1_25' title="bbox 233 1713 1435 1755; baseline -0.003 0"><span class='ocrx_word' id='word_1_163' title='bbox 233 1730 315 1755; x_wconf 90' lang='lat' dir='ltr'><strong>non</strong></span> <span class='ocrx_word' id='word_1_164' title='bbox 330 1716 501 1754; x_wconf 87' lang='lat' dir='ltr'><strong>crudelis</strong></span> <span class='ocrx_word' id='word_1_165' title='bbox 517 1716 677 1753; x_wconf 88' lang='lat' dir='ltr'><strong>fortuna</strong></span> <span class='ocrx_word' id='word_1_166' title='bbox 692 1715 886 1753; x_wconf 91' lang='lat' dir='ltr'><strong>concedit.</strong></span> <span class='ocrx_word' id='word_1_167' title='bbox 938 1715 1042 1753; x_wconf 90' lang='lat' dir='ltr'><strong>Ecce</strong></span> <span class='ocrx_word' id='word_1_168' title='bbox 1058 1718 1136 1752; x_wconf 83' lang='lat' dir='ltr'><strong>iam</strong></span> <span class='ocrx_word' id='word_1_169' title='bbox 1151 1719 1279 1751; x_wconf 86' lang='lat' dir='ltr'><strong>ratem</strong></span> <span class='ocrx_word' id='word_1_170' title='bbox 1292 1713 1435 1751; x_wconf 90' lang='lat' dir='ltr'><strong>fluctus</strong></span> 
     </span>
     <span class='ocr_line' id='line_1_26' title="bbox 233 1776 1436 1826; baseline -0.004 -8"><span class='ocrx_word' id='word_1_171' title='bbox 233 1785 403 1826; x_wconf 88' lang='lat' dir='ltr'><strong>evertet,</strong></span> <span class='ocrx_word' id='word_1_172' title='bbox 423 1792 517 1817; x_wconf 86' lang='lat' dir='ltr'><strong>ecce</strong></span> <span class='ocrx_word' id='word_1_173' title='bbox 535 1781 614 1816; x_wconf 87' lang='lat' dir='ltr'><strong>iam</strong></span> <span class='ocrx_word' id='word_1_174' title='bbox 638 1779 844 1826; x_wconf 85' lang='lat' dir='ltr'><strong>amplexus</strong></span> <span class='ocrx_word' id='word_1_175' title='bbox 867 1781 1086 1816; x_wconf 85' lang='lat' dir='ltr'><strong>amantium</strong></span> <span class='ocrx_word' id='word_1_176' title='bbox 1110 1780 1256 1814; x_wconf 88' lang='lat' dir='ltr'><strong>iratum</strong></span> <span class='ocrx_word' id='word_1_177' title='bbox 1281 1776 1436 1814; x_wconf 85' lang='lat' dir='ltr'><strong>dividet</strong></span> 
     </span>
     <span class='ocr_line' id='line_1_27' title="bbox 232 1839 1434 1889; baseline -0.003 -9"><span class='ocrx_word' id='word_1_178' title='bbox 232 1856 351 1880; x_wconf 87' lang='lat' dir='ltr'><strong>mare.</strong></span> <span class='ocrx_word' id='word_1_179' title='bbox 413 1842 554 1889; x_wconf 86' lang='lat' dir='ltr'><strong>Igitur,</strong></span> <span class='ocrx_word' id='word_1_180' title='bbox 575 1845 607 1880; x_wconf 90' lang='lat' dir='ltr'><strong>si</strong></span> <span class='ocrx_word' id='word_1_181' title='bbox 634 1855 727 1879; x_wconf 88' lang='lat' dir='ltr'><strong>vere</strong></span> <span class='ocrx_word' id='word_1_182' title='bbox 755 1840 977 1888; x_wconf 90' lang='lat' dir='ltr'><strong>Encolpion</strong></span> <span class='ocrx_word' id='word_1_183' title='bbox 1003 1840 1191 1885; x_wconf 86' lang='lat' dir='ltr'><strong>dilexisti,</strong></span> <span class='ocrx_word' id='word_1_184' title='bbox 1211 1839 1263 1877; x_wconf 89' lang='lat' dir='ltr'><strong>da</strong></span> <span class='ocrx_word' id='word_1_185' title='bbox 1288 1839 1434 1886; x_wconf 79' lang='lat' dir='ltr'><strong>oscula,</strong></span> 
     </span>
     <span class='ocr_line' id='line_1_28' title="bbox 232 1902 1434 1951; baseline -0.003 -8"><span class='ocrx_word' id='word_1_186' title='bbox 232 1905 328 1944; x_wconf 86' lang='lat' dir='ltr'><strong>dum</strong></span> <span class='ocrx_word' id='word_1_187' title='bbox 347 1905 457 1951; x_wconf 86' lang='lat' dir='ltr'><strong>licet,</strong></span> <span class='ocrx_word' id='word_1_188' title='bbox 472 1909 506 1942; x_wconf 82' lang='lat' dir='ltr'><strong>et</strong></span> <span class='ocrx_word' id='word_1_189' title='bbox 525 1905 711 1942; x_wconf 88' lang='lat' dir='ltr'><strong>ultimum</strong></span> <span class='ocrx_word' id='word_1_190' title='bbox 725 1902 801 1941; x_wconf 88' lang='lat' dir='ltr'><strong>hoc</strong></span> <span class='ocrx_word' id='word_1_191' title='bbox 816 1903 1008 1951; x_wconf 87' lang='lat' dir='ltr'><strong>gaudium</strong></span> <span class='ocrx_word' id='word_1_192' title='bbox 1023 1903 1115 1941; x_wconf 84' lang='lat' dir='ltr'><strong>fatis</strong></span> <span class='ocrx_word' id='word_1_193' title='bbox 1130 1903 1434 1950; x_wconf 86' lang='lat' dir='ltr'><strong>properantibus</strong></span> 
     </span>
     <span class='ocr_line' id='line_1_29' title="bbox 231 1964 1421 2015; baseline -0.003 -9"><span class='ocrx_word' id='word_1_194' title='bbox 231 1968 365 2015; x_wconf 84' lang='lat' dir='ltr'><strong>rape.’&#39;</strong></span> <span class='ocrx_word' id='word_1_195' title='bbox 426 1965 541 2005; x_wconf 89' lang='lat' dir='ltr'><strong>Haec</strong></span> <span class='ocrx_word' id='word_1_196' title='bbox 574 1971 621 2005; x_wconf 88' lang='lat' dir='ltr'><strong>ut</strong></span> <span class='ocrx_word' id='word_1_197' title='bbox 654 1980 730 2013; x_wconf 90' lang='lat' dir='ltr'><strong>ego</strong></span> <span class='ocrx_word' id='word_1_198' title='bbox 763 1967 859 2013; x_wconf 83' lang='lat' dir='ltr'><strong>dixi,</strong></span> <span class='ocrx_word' id='word_1_199' title='bbox 892 1966 1016 2005; x_wconf 89' lang='lat' dir='ltr'><strong>Giton</strong></span> <span class='ocrx_word' id='word_1_200' title='bbox 1048 1967 1202 2004; x_wconf 74' lang='lat' dir='ltr'><strong>&#39;vestem</strong></span> <span class='ocrx_word' id='word_1_201' title='bbox 1236 1964 1421 2011; x_wconf 84' lang='lat' dir='ltr'><strong>deposuit</strong></span> 
     </span>
    </p>
   </div>
   <div class='ocr_carea' id='block_1_5' title="bbox 424 2047 1235 2131">
    <p class='ocr_par' dir='ltr' id='par_1_7' title="bbox 424 2047 1235 2131">
     <span class='ocr_line' id='line_1_30' title="bbox 427 2047 917 2087; baseline -0.002 -8"><span class='ocrx_word' id='word_1_202' title='bbox 427 2047 435 2066; x_wconf 89' lang='lat'>¹</span> <span class='ocrx_word' id='word_1_203' title='bbox 450 2051 563 2079; x_wconf 86' lang='lat' dir='ltr'><strong>ratem</strong></span> <span class='ocrx_word' id='word_1_204' title='bbox 583 2047 752 2078; x_wconf 82' lang='lat' dir='ltr'><strong>Goldast:</strong></span> <span class='ocrx_word' id='word_1_205' title='bbox 768 2051 917 2087; x_wconf 78' lang='lat' dir='ltr'><strong>partem.</strong></span> 
     </span>
     <span class='ocr_line' id='line_1_31' title="bbox 424 2096 1235 2131; baseline -0.004 0"><span class='ocrx_word' id='word_1_206' title='bbox 424 2097 438 2118; x_wconf 80' lang='lat'>²</span> <span class='ocrx_word' id='word_1_207' title='bbox 448 2099 559 2131; x_wconf 84' lang='lat' dir='ltr'><strong>maris</strong></span> <span class='ocrx_word' id='word_1_208' title='bbox 575 2109 637 2130; x_wconf 86' lang='lat' dir='ltr'><strong>era</strong></span> <span class='ocrx_word' id='word_1_209' title='bbox 654 2098 787 2129; x_wconf 88' lang='lat' dir='ltr'><strong>infesta</strong></span> <span class='ocrx_word' id='word_1_210' title='bbox 803 2097 993 2129; x_wconf 82' lang='lat' dir='ltr'><strong>Buecheler</strong></span> <span class='ocrx_word' id='word_1_211' title='bbox 1004 2108 1017 2128; x_wconf 91' lang='lat'><strong>.·</strong></span> <span class='ocrx_word' id='word_1_212' title='bbox 1033 2096 1235 2129; x_wconf 83' lang='lat' dir='ltr'><strong>manifesta.</strong></span> 
     </span>
    </p>
   </div>
   <div class='ocr_carea' id='block_1_6' title="bbox 342 2154 417 2189">
    <p class='ocr_par' dir='ltr' id='par_1_8' title="bbox 342 2154 417 2189">
     <span class='ocr_line' id='line_1_32' title="bbox 342 2154 417 2189; baseline 0 0"><span class='ocrx_word' id='word_1_213' title='bbox 342 2154 417 2189; x_wconf 67' lang='lat'><strong>⁶238</strong></span> 
     </span>
    </p>
   </div>
  </div>
 </body>
</html>
