<?xml version="1.0" encoding="UTF-8"?>
<!DOCTYPE html PUBLIC "-//W3C//DTD XHTML 1.0 Transitional//EN"
    "http://www.w3.org/TR/xhtml1/DTD/xhtml1-transitional.dtd">
<html xmlns="http://www.w3.org/1999/xhtml" xml:lang="en" lang="en">
 <head>
  <title>
</title>
<meta http-equiv="Content-Type" content="text/html;charset=utf-8" />
  <meta name='ocr-system' content='tesseract 3.04.00' />
  <meta name='ocr-capabilities' content='ocr_page ocr_carea ocr_par ocr_line ocrx_word'/>
</head>
<body>
  <div class='ocr_page' id='page_1' title='image "./petronius00petruoft_0082.png"; bbox 0 0 1500 2470; ppageno 0'>
   <div class='ocr_carea' id='block_1_1' title="bbox 434 194 1209 234">
    <p class='ocr_par' dir='ltr' id='par_1_1' title="bbox 434 194 1209 234">
     <span class='ocr_line' id='line_1_1' title="bbox 434 194 1209 234; baseline 0.003 -3"><span class='ocrx_word' id='word_1_1' title='bbox 434 194 596 233; x_wconf 93' lang='lat' dir='ltr'>TITUS</span> <span class='ocrx_word' id='word_1_2' title='bbox 629 194 940 234; x_wconf 86' lang='lat' dir='ltr'>PETRONIUS</span> <span class='ocrx_word' id='word_1_3' title='bbox 968 196 1209 234; x_wconf 89' lang='lat' dir='ltr'><strong>ARBITER</strong></span> 
     </span>
    </p>
   </div>
   <div class='ocr_carea' id='block_1_2' title="bbox 212 276 1418 315">
    <p class='ocr_par' dir='ltr' id='par_1_2' title="bbox 212 276 1418 315">
     <span class='ocr_line' id='line_1_2' title="bbox 212 276 1418 315; baseline 0.004 -5"><span class='ocrx_word' id='word_1_4' title='bbox 212 276 334 311; x_wconf 92' lang='lat' dir='ltr'>mimo</span> <span class='ocrx_word' id='word_1_5' title='bbox 367 277 569 312; x_wconf 80' lang='lat' dir='ltr'>canticum</span> <span class='ocrx_word' id='word_1_6' title='bbox 602 278 780 313; x_wconf 76' lang='lat' dir='ltr'><strong>extorsit.</strong></span> <span class='ocrx_word' id='word_1_7' title='bbox 839 276 922 314; x_wconf 93' lang='lat' dir='ltr'>Nos</span> <span class='ocrx_word' id='word_1_8' title='bbox 953 281 1000 314; x_wconf 87' lang='lat' dir='ltr'>ut</span> <span class='ocrx_word' id='word_1_9' title='bbox 1029 278 1224 314; x_wconf 79' lang='lat' dir='ltr'><strong>tristiores</strong></span> <span class='ocrx_word' id='word_1_10' title='bbox 1252 276 1305 315; x_wconf 82' lang='lat' dir='ltr'>ad</span> <span class='ocrx_word' id='word_1_11' title='bbox 1334 281 1418 315; x_wconf 73' lang='lat' dir='ltr'>tam</span> 
     </span>
    </p>
   </div>
   <div class='ocr_carea' id='block_1_3' title="bbox 134 332 1418 389">
    <p class='ocr_par' dir='ltr' id='par_1_3' title="bbox 134 332 1418 389">
     <span class='ocr_line' id='line_1_3' title="bbox 134 332 1418 389; baseline 0.002 -12"><span class='ocrx_word' id='word_1_12' title='bbox 134 339 183 378; x_wconf 82' lang='lat'>36</span> <span class='ocrx_word' id='word_1_13' title='bbox 212 340 311 378; x_wconf 88' lang='lat' dir='ltr'>viles</span> <span class='ocrx_word' id='word_1_14' title='bbox 343 343 581 379; x_wconf 88' lang='lat' dir='ltr'>accessimus</span> <span class='ocrx_word' id='word_1_15' title='bbox 607 342 728 388; x_wconf 90' lang='lat' dir='ltr'>cibos,</span> <span class='ocrx_word' id='word_1_16' title='bbox 761 332 985 380; x_wconf 88' lang='lat' dir='ltr'>“Suadeo&#39;&#39;</span> <span class='ocrx_word' id='word_1_17' title='bbox 1016 345 1148 389; x_wconf 90' lang='lat' dir='ltr'>inquit</span> <span class='ocrx_word' id='word_1_18' title='bbox 1178 343 1418 381; x_wconf 80' lang='lat' dir='ltr'>Trimalchio</span> 
     </span>
    </p>
   </div>
   <div class='ocr_carea' id='block_1_4' title="bbox 130 1819 176 1856">
    <p class='ocr_par' dir='ltr' id='par_1_4' title="bbox 130 1819 176 1856">
     <span class='ocr_line' id='line_1_4' title="bbox 130 1819 176 1856; baseline 0.065 -3"><span class='ocrx_word' id='word_1_19' title='bbox 130 1819 176 1856; x_wconf 83' lang='lat'>37</span> 
     </span>
    </p>
   </div>
   <div class='ocr_carea' id='block_1_5' title="bbox 213 397 1418 456">
    <p class='ocr_par' dir='ltr' id='par_1_5' title="bbox 213 397 1418 456">
     <span class='ocr_line' id='line_1_5' title="bbox 213 397 1418 456; baseline 0.002 -11"><span class='ocrx_word' id='word_1_20' title='bbox 213 397 458 453; x_wconf 81' lang='lat' dir='ltr'>“cenemus3</span> <span class='ocrx_word' id='word_1_21' title='bbox 486 408 562 446; x_wconf 91' lang='lat' dir='ltr'>hoc</span> <span class='ocrx_word' id='word_1_22' title='bbox 594 413 657 446; x_wconf 91' lang='lat' dir='ltr'>est</span> <span class='ocrx_word' id='word_1_23' title='bbox 687 411 747 447; x_wconf 93' lang='lat' dir='ltr'>ius</span> <span class='ocrx_word' id='word_1_24' title='bbox 779 410 941 447; x_wconf 85' lang='lat' dir='ltr'>cenae.’&#39;</span> <span class='ocrx_word' id='word_1_25' title='bbox 1002 410 1117 447; x_wconf 84' lang='lat' dir='ltr'>Haec</span> <span class='ocrx_word' id='word_1_26' title='bbox 1148 415 1195 448; x_wconf 91' lang='lat' dir='ltr'>ut</span> <span class='ocrx_word' id='word_1_27' title='bbox 1222 410 1337 456; x_wconf 76' lang='lat' dir='ltr'>dixit,</span> <span class='ocrx_word' id='word_1_28' title='bbox 1366 410 1418 448; x_wconf 80' lang='lat' dir='ltr'>ad</span> 
     </span>
    </p>
   </div>
   <div class='ocr_carea' id='block_1_6' title="bbox 209 474 1418 2113">
    <p class='ocr_par' dir='ltr' id='par_1_6' title="bbox 209 474 1418 1798">
     <span class='ocr_line' id='line_1_6' title="bbox 211 474 1417 523; baseline 0.003 -12"><span class='ocrx_word' id='word_1_29' title='bbox 211 474 490 521; x_wconf 84' lang='lat' dir='ltr'>symphoniam</span> <span class='ocrx_word' id='word_1_30' title='bbox 523 480 712 522; x_wconf 90' lang='lat' dir='ltr'>quattuor</span> <span class='ocrx_word' id='word_1_31' title='bbox 744 476 1011 523; x_wconf 82' lang='lat' dir='ltr'>tripudiantes</span> <span class='ocrx_word' id='word_1_32' title='bbox 1043 482 1327 523; x_wconf 89' lang='lat' dir='ltr'>procurrerunt</span> <span class='ocrx_word' id='word_1_33' title='bbox 1353 490 1417 515; x_wconf 91' lang='lat' dir='ltr'>su-</span> 
     </span>
     <span class='ocr_line' id='line_1_7' title="bbox 211 543 1418 591; baseline 0.002 -12"><span class='ocrx_word' id='word_1_34' title='bbox 211 544 489 588; x_wconf 92' lang='lat' dir='ltr'>perioremque</span> <span class='ocrx_word' id='word_1_35' title='bbox 532 547 689 589; x_wconf 87' lang='lat' dir='ltr'>partem</span> <span class='ocrx_word' id='word_1_36' title='bbox 729 546 952 590; x_wconf 85' lang='lat' dir='ltr'>repositorii</span> <span class='ocrx_word' id='word_1_37' title='bbox 993 543 1256 582; x_wconf 88' lang='lat' dir='ltr'>abstulerunt.</span> <span class='ocrx_word' id='word_1_38' title='bbox 1326 543 1418 591; x_wconf 84' lang='lat' dir='ltr'>Quo</span> 
     </span>
     <span class='ocr_line' id='line_1_8' title="bbox 212 601 1418 657; baseline 0.002 -11"><span class='ocrx_word' id='word_1_39' title='bbox 212 608 319 646; x_wconf 88' lang='lat' dir='ltr'>facto</span> <span class='ocrx_word' id='word_1_40' title='bbox 339 609 520 647; x_wconf 91' lang='lat' dir='ltr'>videmus</span> <span class='ocrx_word' id='word_1_41' title='bbox 548 609 651 647; x_wconf 89' lang='lat' dir='ltr'>infra</span> <span class='ocrx_word' id='word_1_42' title='bbox 678 601 849 656; x_wconf 90' lang='lat' dir='ltr'>[scilicet</span> <span class='ocrx_word' id='word_1_43' title='bbox 875 613 917 648; x_wconf 94' lang='lat' dir='ltr'>in</span> <span class='ocrx_word' id='word_1_44' title='bbox 943 610 1071 648; x_wconf 87' lang='lat' dir='ltr'>altero</span> <span class='ocrx_word' id='word_1_45' title='bbox 1097 602 1266 657; x_wconf 89' lang='lat' dir='ltr'>ferculo]</span> <span class='ocrx_word' id='word_1_46' title='bbox 1292 610 1418 648; x_wconf 89' lang='lat' dir='ltr'>altilia</span> 
     </span>
     <span class='ocr_line' id='line_1_9' title="bbox 212 676 1416 724; baseline 0 -10"><span class='ocrx_word' id='word_1_47' title='bbox 212 681 256 714; x_wconf 89' lang='lat' dir='ltr'>et</span> <span class='ocrx_word' id='word_1_48' title='bbox 280 678 436 713; x_wconf 90' lang='lat' dir='ltr'>sumina</span> <span class='ocrx_word' id='word_1_49' title='bbox 465 676 723 723; x_wconf 87' lang='lat' dir='ltr'>leporemque</span> <span class='ocrx_word' id='word_1_50' title='bbox 753 679 795 714; x_wconf 88' lang='lat' dir='ltr'>in</span> <span class='ocrx_word' id='word_1_51' title='bbox 823 677 957 715; x_wconf 91' lang='lat' dir='ltr'>medio</span> <span class='ocrx_word' id='word_1_52' title='bbox 985 680 1117 724; x_wconf 88' lang='lat' dir='ltr'>pinnis</span> <span class='ocrx_word' id='word_1_53' title='bbox 1145 678 1416 724; x_wconf 90' lang='lat' dir='ltr'>subornatum,</span> 
     </span>
     <span class='ocr_line' id='line_1_10' title="bbox 211 739 1417 787; baseline 0.002 -11"><span class='ocrx_word' id='word_1_54' title='bbox 211 744 257 777; x_wconf 91' lang='lat' dir='ltr'>ut</span> <span class='ocrx_word' id='word_1_55' title='bbox 278 739 452 786; x_wconf 88' lang='lat' dir='ltr'>Pegasus</span> <span class='ocrx_word' id='word_1_56' title='bbox 467 739 681 778; x_wconf 91' lang='lat' dir='ltr'>videretur.</span> <span class='ocrx_word' id='word_1_57' title='bbox 742 741 977 778; x_wconf 84' lang='lat' dir='ltr'>Notavimus</span> <span class='ocrx_word' id='word_1_58' title='bbox 993 743 1115 778; x_wconf 87' lang='lat' dir='ltr'>etiam</span> <span class='ocrx_word' id='word_1_59' title='bbox 1130 743 1233 778; x_wconf 90' lang='lat' dir='ltr'>circa</span> <span class='ocrx_word' id='word_1_60' title='bbox 1251 740 1417 787; x_wconf 86' lang='lat' dir='ltr'>angulos</span> 
     </span>
     <span class='ocr_line' id='line_1_11' title="bbox 211 803 1417 850; baseline 0.001 -10"><span class='ocrx_word' id='word_1_61' title='bbox 211 805 435 849; x_wconf 83' lang='lat' dir='ltr'>repositorii</span> <span class='ocrx_word' id='word_1_62' title='bbox 468 803 653 850; x_wconf 48' lang='lat' dir='ltr'>‚Marsyas</span> <span class='ocrx_word' id='word_1_63' title='bbox 691 809 893 850; x_wconf 83' lang='lat' dir='ltr'>quattuor,</span> <span class='ocrx_word' id='word_1_64' title='bbox 933 817 983 841; x_wconf 88' lang='lat' dir='ltr'>ex</span> <span class='ocrx_word' id='word_1_65' title='bbox 1021 817 1190 850; x_wconf 89' lang='lat' dir='ltr'>quorum</span> <span class='ocrx_word' id='word_1_66' title='bbox 1236 803 1417 841; x_wconf 81' lang='lat' dir='ltr'>utriculis</span> 
     </span>
     <span class='ocr_line' id='line_1_12' title="bbox 211 867 1417 914; baseline 0.001 -11"><span class='ocrx_word' id='word_1_67' title='bbox 211 879 351 912; x_wconf 89' lang='lat' dir='ltr'>garum</span> <span class='ocrx_word' id='word_1_68' title='bbox 375 869 601 913; x_wconf 86' lang='lat' dir='ltr'>piperatum</span> <span class='ocrx_word' id='word_1_69' title='bbox 625 867 811 904; x_wconf 88' lang='lat' dir='ltr'>currebat</span> <span class='ocrx_word' id='word_1_70' title='bbox 834 880 953 913; x_wconf 90' lang='lat' dir='ltr'>super</span> <span class='ocrx_word' id='word_1_71' title='bbox 975 869 1116 914; x_wconf 85' lang='lat' dir='ltr'>pisces,</span> <span class='ocrx_word' id='word_1_72' title='bbox 1137 869 1204 913; x_wconf 90' lang='lat' dir='ltr'>qui</span> <span class='ocrx_word' id='word_1_73' title='bbox 1226 871 1417 913; x_wconf 87' lang='lat' dir='ltr'>tanquam</span> 
     </span>
     <span class='ocr_line' id='line_1_13' title="bbox 211 929 1418 976; baseline 0.001 -10"><span class='ocrx_word' id='word_1_74' title='bbox 211 932 253 966; x_wconf 92' lang='lat' dir='ltr'>in</span> <span class='ocrx_word' id='word_1_75' title='bbox 274 932 413 976; x_wconf 88' lang='lat' dir='ltr'>euripo</span> <span class='ocrx_word' id='word_1_76' title='bbox 432 930 636 967; x_wconf 88' lang='lat' dir='ltr'>natabant.</span> <span class='ocrx_word' id='word_1_77' title='bbox 698 929 849 967; x_wconf 83' lang='lat' dir='ltr'>Damus</span> <span class='ocrx_word' id='word_1_78' title='bbox 870 943 1008 967; x_wconf 85' lang='lat' dir='ltr'>omnes</span> <span class='ocrx_word' id='word_1_79' title='bbox 1027 930 1209 976; x_wconf 85' lang='lat' dir='ltr'>plausum</span> <span class='ocrx_word' id='word_1_80' title='bbox 1227 943 1251 967; x_wconf 95' lang='lat' dir='ltr'>a</span> <span class='ocrx_word' id='word_1_81' title='bbox 1269 929 1418 967; x_wconf 85' lang='lat' dir='ltr'>familia</span> 
     </span>
     <span class='ocr_line' id='line_1_14' title="bbox 210 993 1414 1040; baseline 0 -10"><span class='ocrx_word' id='word_1_82' title='bbox 210 995 418 1039; x_wconf 89' lang='lat' dir='ltr'>inceptum</span> <span class='ocrx_word' id='word_1_83' title='bbox 458 998 501 1030; x_wconf 92' lang='lat' dir='ltr'>et</span> <span class='ocrx_word' id='word_1_84' title='bbox 538 1006 601 1030; x_wconf 89' lang='lat' dir='ltr'>res</span> <span class='ocrx_word' id='word_1_85' title='bbox 640 993 898 1031; x_wconf 87' lang='lat' dir='ltr'>electissimas</span> <span class='ocrx_word' id='word_1_86' title='bbox 937 993 1115 1031; x_wconf 88' lang='lat' dir='ltr'>ridentes</span> <span class='ocrx_word' id='word_1_87' title='bbox 1148 993 1414 1040; x_wconf 80' lang='lat' dir='ltr'>aggredimur,</span> 
     </span>
     <span class='ocr_line' id='line_1_15' title="bbox 211 1055 1417 1094; baseline -0.001 0"><span class='ocrx_word' id='word_1_88' title='bbox 211 1056 304 1094; x_wconf 91' lang='lat' dir='ltr'>Non</span> <span class='ocrx_word' id='word_1_89' title='bbox 332 1059 464 1094; x_wconf 91' lang='lat' dir='ltr'>minus</span> <span class='ocrx_word' id='word_1_90' title='bbox 494 1061 536 1094; x_wconf 91' lang='lat' dir='ltr'>et</span> <span class='ocrx_word' id='word_1_91' title='bbox 564 1056 804 1094; x_wconf 88' lang='lat' dir='ltr'>Trimalchio</span> <span class='ocrx_word' id='word_1_92' title='bbox 833 1056 1028 1094; x_wconf 76' lang='lat' dir='ltr'>eiusmodi.</span> <span class='ocrx_word' id='word_1_93' title='bbox 1055 1055 1261 1094; x_wconf 89' lang='lat' dir='ltr'>methodio</span> <span class='ocrx_word' id='word_1_94' title='bbox 1287 1055 1417 1094; x_wconf 90' lang='lat' dir='ltr'>laetus</span> 
     </span>
     <span class='ocr_line' id='line_1_16' title="bbox 211 1110 1415 1166; baseline 0 -10"><span class='ocrx_word' id='word_1_95' title='bbox 211 1110 238 1127; x_wconf 80' lang='lat'>“</span> <span class='ocrx_word' id='word_1_96' title='bbox 247 1119 406 1166; x_wconf 86' lang='lat' dir='ltr'>Carpe&#39;&#39;</span> <span class='ocrx_word' id='word_1_97' title='bbox 428 1122 569 1166; x_wconf 92' lang='lat' dir='ltr'>inquit.</span> <span class='ocrx_word' id='word_1_98' title='bbox 632 1120 828 1157; x_wconf 88' lang='lat' dir='ltr'>Processit</span> <span class='ocrx_word' id='word_1_99' title='bbox 851 1122 987 1157; x_wconf 88' lang='lat' dir='ltr'>statim</span> <span class='ocrx_word' id='word_1_100' title='bbox 1010 1122 1149 1157; x_wconf 90' lang='lat' dir='ltr'>scissor</span> <span class='ocrx_word' id='word_1_101' title='bbox 1172 1124 1215 1156; x_wconf 90' lang='lat' dir='ltr'>et</span> <span class='ocrx_word' id='word_1_102' title='bbox 1237 1119 1288 1157; x_wconf 93' lang='lat' dir='ltr'>ad</span> <span class='ocrx_word' id='word_1_103' title='bbox 1311 1132 1415 1165; x_wconf 86' lang='lat' dir='ltr'>sym-</span> 
     </span>
     <span class='ocr_line' id='line_1_17' title="bbox 212 1182 1417 1230; baseline 0 -11"><span class='ocrx_word' id='word_1_104' title='bbox 212 1182 400 1230; x_wconf 89' lang='lat' dir='ltr'>phoniam</span> <span class='ocrx_word' id='word_1_105' title='bbox 415 1182 676 1229; x_wconf 87' lang='lat' dir='ltr'>gesticulatus</span> <span class='ocrx_word' id='word_1_106' title='bbox 692 1185 748 1220; x_wconf 89' lang='lat' dir='ltr'>ita</span> <span class='ocrx_word' id='word_1_107' title='bbox 762 1182 951 1220; x_wconf 84' lang='lat' dir='ltr'>laceravit</span> <span class='ocrx_word' id='word_1_108' title='bbox 965 1183 1185 1227; x_wconf 91' lang='lat' dir='ltr'>obsonium,</span> <span class='ocrx_word' id='word_1_109' title='bbox 1198 1187 1244 1219; x_wconf 92' lang='lat' dir='ltr'>ut</span> <span class='ocrx_word' id='word_1_110' title='bbox 1254 1186 1417 1229; x_wconf 83' lang='lat' dir='ltr'>putares</span> 
     </span>
     <span class='ocr_line' id='line_1_18' title="bbox 212 1245 1415 1292; baseline -0.002 -9"><span class='ocrx_word' id='word_1_111' title='bbox 212 1245 456 1283; x_wconf 82' lang='lat' dir='ltr'>essedarium</span> <span class='ocrx_word' id='word_1_112' title='bbox 471 1245 664 1292; x_wconf 89' lang='lat' dir='ltr'>hydraule</span> <span class='ocrx_word' id='word_1_113' title='bbox 681 1250 870 1283; x_wconf 85' lang='lat' dir='ltr'>cantante</span> <span class='ocrx_word' id='word_1_114' title='bbox 885 1258 1074 1292; x_wconf 89' lang='lat' dir='ltr'>pugnare.</span> <span class='ocrx_word' id='word_1_115' title='bbox 1126 1245 1342 1291; x_wconf 89' lang='lat' dir='ltr'>Ingerebat</span> <span class='ocrx_word' id='word_1_116' title='bbox 1356 1247 1415 1281; x_wconf 90' lang='lat' dir='ltr'>ni-</span> 
     </span>
     <span class='ocr_line' id='line_1_19' title="bbox 212 1299 1414 1355; baseline -0.001 -9"><span class='ocrx_word' id='word_1_117' title='bbox 212 1308 295 1346; x_wconf 91' lang='lat' dir='ltr'>hilo</span> <span class='ocrx_word' id='word_1_118' title='bbox 306 1311 438 1346; x_wconf 90' lang='lat' dir='ltr'>minus</span> <span class='ocrx_word' id='word_1_119' title='bbox 446 1308 686 1346; x_wconf 85' lang='lat' dir='ltr'>Trimalchio</span> <span class='ocrx_word' id='word_1_120' title='bbox 698 1309 918 1346; x_wconf 85' lang='lat' dir='ltr'>lentissima</span> <span class='ocrx_word' id='word_1_121' title='bbox 930 1321 1046 1346; x_wconf 89' lang='lat' dir='ltr'>voce:</span> <span class='ocrx_word' id='word_1_122' title='bbox 1067 1299 1093 1316; x_wconf 82' lang='grc'><strong>“</strong></span> <span class='ocrx_word' id='word_1_123' title='bbox 1101 1308 1239 1355; x_wconf 86' lang='lat' dir='ltr'>Carpe,</span> <span class='ocrx_word' id='word_1_124' title='bbox 1249 1307 1414 1354; x_wconf 85' lang='lat' dir='ltr'>Carpe.’¹</span> 
     </span>
     <span class='ocr_line' id='line_1_20' title="bbox 212 1372 1414 1419; baseline -0.002 -9"><span class='ocrx_word' id='word_1_125' title='bbox 212 1372 299 1419; x_wconf 86' lang='lat' dir='ltr'>Ego</span> <span class='ocrx_word' id='word_1_126' title='bbox 319 1375 540 1419; x_wconf 82' lang='lat' dir='ltr'>suspicatus</span> <span class='ocrx_word' id='word_1_127' title='bbox 558 1372 610 1410; x_wconf 86' lang='lat' dir='ltr'>ad</span> <span class='ocrx_word' id='word_1_128' title='bbox 629 1373 802 1419; x_wconf 91' lang='lat' dir='ltr'>aliquam</span> <span class='ocrx_word' id='word_1_129' title='bbox 828 1373 1098 1410; x_wconf 88' lang='lat' dir='ltr'>urbanitatem</span> <span class='ocrx_word' id='word_1_130' title='bbox 1123 1374 1272 1409; x_wconf 89' lang='lat' dir='ltr'>totiens</span> <span class='ocrx_word' id='word_1_131' title='bbox 1297 1373 1414 1409; x_wconf 88' lang='lat' dir='ltr'>itera-</span> 
     </span>
     <span class='ocr_line' id='line_1_21' title="bbox 212 1436 1415 1482; baseline -0.002 -9"><span class='ocrx_word' id='word_1_132' title='bbox 212 1440 295 1473; x_wconf 84' lang='lat' dir='ltr'>tam</span> <span class='ocrx_word' id='word_1_133' title='bbox 322 1448 462 1473; x_wconf 90' lang='lat' dir='ltr'>vocem</span> <span class='ocrx_word' id='word_1_134' title='bbox 488 1438 705 1482; x_wconf 89' lang='lat' dir='ltr'>pertinere,</span> <span class='ocrx_word' id='word_1_135' title='bbox 726 1449 807 1472; x_wconf 90' lang='lat' dir='ltr'>non</span> <span class='ocrx_word' id='word_1_136' title='bbox 836 1436 975 1472; x_wconf 90' lang='lat' dir='ltr'>erubui</span> <span class='ocrx_word' id='word_1_137' title='bbox 1002 1447 1095 1472; x_wconf 87' lang='lat' dir='ltr'>eum</span> <span class='ocrx_word' id='word_1_138' title='bbox 1121 1437 1189 1480; x_wconf 93' lang='lat' dir='ltr'>qui</span> <span class='ocrx_word' id='word_1_139' title='bbox 1215 1447 1333 1480; x_wconf 83' lang='lat' dir='ltr'>supra</span> <span class='ocrx_word' id='word_1_140' title='bbox 1350 1447 1415 1471; x_wconf 92' lang='lat' dir='ltr'>me</span> 
     </span>
     <span class='ocr_line' id='line_1_22' title="bbox 211 1497 1415 1545; baseline -0.002 -9"><span class='ocrx_word' id='word_1_141' title='bbox 211 1499 486 1545; x_wconf 89' lang='lat' dir='ltr'>accumbebat,</span> <span class='ocrx_word' id='word_1_142' title='bbox 519 1499 596 1536; x_wconf 91' lang='lat' dir='ltr'>hoc</span> <span class='ocrx_word' id='word_1_143' title='bbox 635 1501 764 1545; x_wconf 86' lang='lat' dir='ltr'>ipsum</span> <span class='ocrx_word' id='word_1_144' title='bbox 803 1501 1060 1544; x_wconf 87' lang='lat' dir='ltr'>interrogare.</span> <span class='ocrx_word' id='word_1_145' title='bbox 1134 1497 1191 1535; x_wconf 91' lang='lat' dir='ltr'>At</span> <span class='ocrx_word' id='word_1_146' title='bbox 1227 1497 1319 1543; x_wconf 65' lang='lat' dir='ltr'>ille,</span> <span class='ocrx_word' id='word_1_147' title='bbox 1346 1499 1415 1543; x_wconf 94' lang='lat' dir='ltr'>qui</span> 
     </span>
     <span class='ocr_line' id='line_1_23' title="bbox 210 1551 1412 1609; baseline -0.002 -10"><span class='ocrx_word' id='word_1_148' title='bbox 210 1565 366 1609; x_wconf 89' lang='lat' dir='ltr'>saepius</span> <span class='ocrx_word' id='word_1_149' title='bbox 400 1562 594 1600; x_wconf 92' lang='lat' dir='ltr'>eiusmodi</span> <span class='ocrx_word' id='word_1_150' title='bbox 628 1562 742 1599; x_wconf 92' lang='lat' dir='ltr'>ludos</span> <span class='ocrx_word' id='word_1_151' title='bbox 781 1565 1044 1608; x_wconf 84' lang='lat' dir='ltr'>spectaverat,</span> <span class='ocrx_word' id='word_1_152' title='bbox 1077 1551 1234 1598; x_wconf 81' lang='lat' dir='ltr'>“Vides</span> <span class='ocrx_word' id='word_1_153' title='bbox 1267 1560 1412 1597; x_wconf 87' lang='lat' dir='ltr'>illum”</span> 
     </span>
     <span class='ocr_line' id='line_1_24' title="bbox 210 1616 1414 1672; baseline -0.002 -9"><span class='ocrx_word' id='word_1_154' title='bbox 210 1628 342 1672; x_wconf 92' lang='lat' dir='ltr'>inquit</span> <span class='ocrx_word' id='word_1_155' title='bbox 356 1616 455 1672; x_wconf 78' lang='lat' dir='ltr'>“qui</span> <span class='ocrx_word' id='word_1_156' title='bbox 473 1626 680 1663; x_wconf 89' lang='lat' dir='ltr'>obsonium</span> <span class='ocrx_word' id='word_1_157' title='bbox 696 1628 842 1671; x_wconf 84' lang='lat' dir='ltr'>carpit:</span> <span class='ocrx_word' id='word_1_158' title='bbox 873 1625 1020 1671; x_wconf 88' lang='lat' dir='ltr'>Carpus</span> <span class='ocrx_word' id='word_1_159' title='bbox 1040 1628 1212 1661; x_wconf 84' lang='lat' dir='ltr'>vocatur.</span> <span class='ocrx_word' id='word_1_160' title='bbox 1272 1623 1414 1670; x_wconf 84' lang='lat' dir='ltr'>Itaque</span> 
     </span>
     <span class='ocr_line' id='line_1_25' title="bbox 209 1679 1414 1735; baseline -0.002 -9"><span class='ocrx_word' id='word_1_161' title='bbox 209 1691 525 1735; x_wconf 89' lang='lat' dir='ltr'>quotiescunque</span> <span class='ocrx_word' id='word_1_162' title='bbox 561 1689 660 1726; x_wconf 91' lang='lat' dir='ltr'>dicit</span> <span class='ocrx_word' id='word_1_163' title='bbox 698 1679 869 1734; x_wconf 86' lang='lat' dir='ltr'>‘Carpe,’</span> <span class='ocrx_word' id='word_1_164' title='bbox 909 1688 1052 1725; x_wconf 89' lang='lat' dir='ltr'>eodem</span> <span class='ocrx_word' id='word_1_165' title='bbox 1080 1687 1202 1724; x_wconf 93' lang='lat' dir='ltr'>verbo</span> <span class='ocrx_word' id='word_1_166' title='bbox 1230 1691 1273 1724; x_wconf 92' lang='lat' dir='ltr'>et</span> <span class='ocrx_word' id='word_1_167' title='bbox 1300 1691 1414 1724; x_wconf 82' lang='lat' dir='ltr'>vocat</span> 
     </span>
     <span class='ocr_line' id='line_1_26' title="bbox 209 1752 482 1798; baseline -0.007 -8"><span class='ocrx_word' id='word_1_168' title='bbox 209 1757 253 1790; x_wconf 89' lang='lat' dir='ltr'>et</span> <span class='ocrx_word' id='word_1_169' title='bbox 271 1752 482 1798; x_wconf 89' lang='lat' dir='ltr'>imperat.”</span> 
     </span>
    </p>

    <p class='ocr_par' dir='ltr' id='par_1_7' title="bbox 209 1812 1414 2113">
     <span class='ocr_line' id='line_1_27' title="bbox 264 1812 1414 1861; baseline -0.003 -9"><span class='ocrx_word' id='word_1_170' title='bbox 264 1815 358 1852; x_wconf 88' lang='lat' dir='ltr'>Non</span> <span class='ocrx_word' id='word_1_171' title='bbox 377 1817 490 1861; x_wconf 92' lang='lat' dir='ltr'>potui</span> <span class='ocrx_word' id='word_1_172' title='bbox 509 1814 678 1861; x_wconf 89' lang='lat' dir='ltr'>amplius</span> <span class='ocrx_word' id='word_1_173' title='bbox 697 1816 909 1860; x_wconf 84' lang='lat' dir='ltr'>quicquam</span> <span class='ocrx_word' id='word_1_174' title='bbox 927 1817 1102 1859; x_wconf 83' lang='lat' dir='ltr'>gustare,</span> <span class='ocrx_word' id='word_1_175' title='bbox 1118 1812 1189 1850; x_wconf 89' lang='lat' dir='ltr'>sed</span> <span class='ocrx_word' id='word_1_176' title='bbox 1204 1824 1414 1850; x_wconf 91' lang='lat' dir='ltr'>conversus</span> 
     </span>
     <span class='ocr_line' id='line_1_28' title="bbox 209 1876 1413 1924; baseline -0.002 -9"><span class='ocrx_word' id='word_1_177' title='bbox 209 1878 261 1916; x_wconf 87' lang='lat' dir='ltr'>ad</span> <span class='ocrx_word' id='word_1_178' title='bbox 281 1891 386 1923; x_wconf 91' lang='lat' dir='ltr'>eum,</span> <span class='ocrx_word' id='word_1_179' title='bbox 406 1883 453 1915; x_wconf 90' lang='lat' dir='ltr'>ut</span> <span class='ocrx_word' id='word_1_180' title='bbox 472 1891 591 1924; x_wconf 91' lang='lat' dir='ltr'>quam</span> <span class='ocrx_word' id='word_1_181' title='bbox 615 1877 785 1924; x_wconf 86' lang='lat' dir='ltr'>plurima</span> <span class='ocrx_word' id='word_1_182' title='bbox 809 1879 1047 1923; x_wconf 87' lang='lat' dir='ltr'>exciperem,</span> <span class='ocrx_word' id='word_1_183' title='bbox 1067 1876 1188 1922; x_wconf 89' lang='lat' dir='ltr'>longe</span> <span class='ocrx_word' id='word_1_184' title='bbox 1211 1888 1413 1913; x_wconf 89' lang='lat' dir='ltr'>accersere</span> 
     </span>
     <span class='ocr_line' id='line_1_29' title="bbox 210 1937 1411 1987; baseline -0.003 -9"><span class='ocrx_word' id='word_1_185' title='bbox 210 1940 363 1978; x_wconf 81' lang='lat' dir='ltr'>fabulas</span> <span class='ocrx_word' id='word_1_186' title='bbox 383 1943 497 1987; x_wconf 89' lang='lat' dir='ltr'>coepi</span> <span class='ocrx_word' id='word_1_187' title='bbox 517 1942 799 1986; x_wconf 86' lang='lat' dir='ltr'>sciscitarique,</span> <span class='ocrx_word' id='word_1_188' title='bbox 816 1952 917 1985; x_wconf 88' lang='lat' dir='ltr'>quae</span> <span class='ocrx_word' id='word_1_189' title='bbox 938 1943 1045 1977; x_wconf 87' lang='lat' dir='ltr'>esset</span> <span class='ocrx_word' id='word_1_190' title='bbox 1058 1938 1201 1975; x_wconf 91' lang='lat' dir='ltr'>mulier</span> <span class='ocrx_word' id='word_1_191' title='bbox 1215 1937 1296 1984; x_wconf 91' lang='lat' dir='ltr'>illa,</span> <span class='ocrx_word' id='word_1_192' title='bbox 1311 1951 1411 1984; x_wconf 86' lang='lat' dir='ltr'>quae</span> 
     </span>
     <span class='ocr_line' id='line_1_30' title="bbox 209 1991 1411 2050; baseline -0.004 -8"><span class='ocrx_word' id='word_1_193' title='bbox 209 2004 287 2042; x_wconf 90' lang='lat' dir='ltr'>huc</span> <span class='ocrx_word' id='word_1_194' title='bbox 306 2008 428 2050; x_wconf 86' lang='lat' dir='ltr'>atque</span> <span class='ocrx_word' id='word_1_195' title='bbox 449 2003 543 2040; x_wconf 91' lang='lat' dir='ltr'>illuc</span> <span class='ocrx_word' id='word_1_196' title='bbox 563 2003 813 2041; x_wconf 86' lang='lat' dir='ltr'>discurreret.</span> <span class='ocrx_word' id='word_1_197' title='bbox 873 1993 1050 2040; x_wconf 83' lang='lat' dir='ltr'>“Uxor&#39;&#39;</span> <span class='ocrx_word' id='word_1_198' title='bbox 1067 2003 1198 2047; x_wconf 91' lang='lat' dir='ltr'>inquit</span> <span class='ocrx_word' id='word_1_199' title='bbox 1213 1991 1411 2038; x_wconf 81' lang='lat' dir='ltr'>“Trimal-</span> 
     </span>
     <span class='ocr_line' id='line_1_31' title="bbox 210 2062 1412 2113; baseline -0.003 -8"><span class='ocrx_word' id='word_1_200' title='bbox 210 2062 375 2113; x_wconf 64' lang='lat' dir='ltr'>chionss,</span> <span class='ocrx_word' id='word_1_201' title='bbox 410 2066 630 2105; x_wconf 86' lang='lat' dir='ltr'>Fortunata</span> <span class='ocrx_word' id='word_1_202' title='bbox 661 2065 898 2112; x_wconf 88' lang='lat' dir='ltr'>appellatur,</span> <span class='ocrx_word' id='word_1_203' title='bbox 930 2078 1032 2111; x_wconf 88' lang='lat' dir='ltr'>quae</span> <span class='ocrx_word' id='word_1_204' title='bbox 1065 2077 1248 2104; x_wconf 88' lang='lat' dir='ltr'>nummos</span> <span class='ocrx_word' id='word_1_205' title='bbox 1279 2062 1412 2102; x_wconf 86' lang='lat' dir='ltr'>modio</span> 
     </span>
    </p>
   </div>
   <div class='ocr_carea' id='block_1_7' title="bbox 318 2137 369 2171">
    <p class='ocr_par' dir='ltr' id='par_1_8' title="bbox 318 2137 369 2171">
     <span class='ocr_line' id='line_1_32' title="bbox 318 2137 369 2171; baseline 0 0"><span class='ocrx_word' id='word_1_206' title='bbox 318 2137 369 2171; x_wconf 83' lang='lat'>54</span> 
     </span>
    </p>
   </div>
  </div>
 </body>
</html>
