1534 2470
483 161 645 200 TITUS
677 162 989 202 PETRONIUS
1018 162 1259 201 ARBITER

264 245 511 287 extorqueat.
563 241 672 279 Dum
703 242 820 280 dicit:
853 233 1044 290 “patrem
1074 243 1296 290 excitabo,”
1326 246 1467 291 irrepsi

265 303 403 336 tamen
427 304 470 336 et
494 299 599 337 male
625 303 868 347 repugnanti
893 301 1085 346 gaudium
1105 304 1263 339 extorsi.
1313 301 1372 339 At
1398 301 1467 339 ille

265 370 347 394 non
366 357 633 396 indelectatus
657 361 838 405 nequitia
863 372 966 406 mea,
986 364 1197 406 postquam
1216 360 1285 397 diu
1303 365 1468 406 questus

266 421 329 453 est
354 415 570 463 deceptum
590 430 632 454 se
653 422 696 454 et
722 416 897 454 derisum
919 417 1229 464 traductumque
1248 420 1356 455 inter
1374 430 1467 455 con—

267 474 494 521 discipulos,
524 476 666 521 quibus
699 478 886 513 iactasset
917 489 1080 513 censum
1112 489 1260 523 meum,
1291 467 1467 514 “videris

266 533 435 571 tamen”
457 536 590 579 inquit
609 524 723 571 “non
751 547 818 571 ero
843 537 904 571 tui
930 534 1078 572 similis.
1123 534 1164 573 Si
1193 534 1289 581 quid
1314 537 1385 581 vis,
1404 534 1468 572 fac

267 591 453 629 iterum.'’
503 592 590 638 Ego
610 605 704 629 vero
722 591 905 639 deposita
924 595 1033 629 omni
1057 592 1205 630 offensa
1225 606 1315 630 cum
1343 605 1467 640 puero

268 653 310 687 in
340 653 509 696 gratiam
540 650 640 688 redii
669 664 842 697 ususque
876 651 1070 688 beneficio
1099 654 1183 688 eius
1213 654 1256 688 in
1284 664 1466 689 somnum

269 709 454 755 delapsus
466 722 563 746 sum.
596 709 677 747 Sed
696 722 778 746 non
793 709 870 746 fuit
886 714 1100 747 contentus
1115 711 1328 747 iteratione
1344 709 1466 756 ephe-

270 768 342 805 bus
369 768 512 814 plenae
538 770 780 805 maturitatis
799 773 843 805 et
867 770 981 805 annis
1006 767 1057 805 ad
1086 767 1320 814 patiendum
1345 770 1468 813 gesti-

270 827 440 863 entibus.
493 825 635 872 Itaque
662 828 852 863 excitavit
881 839 946 863 me
975 828 1149 872 sopitum
1178 831 1221 863 et
1240 816 1468 872 “numquid

270 885 383 922 vis?”
401 887 541 931 inquit.
575 885 628 922 Et
647 898 729 922 non
748 885 866 931 plane
886 887 964 921 iam
979 885 1193 922 molestum
1209 889 1294 922 erat
1311 897 1466 922 munus.

272 944 489 989 Utcunque
527 946 651 988 igitur
683 946 790 981 inter
823 943 1024 980 anhelitus
1061 942 1303 988 sudoresque
1336 945 1468 988 tritus,

271 1002 379 1049 quod
407 1001 599 1048 voluerat,
619 1004 787 1048 accepit,
807 1014 1019 1047 rursusque
1047 1004 1090 1038 in
1119 1014 1301 1038 somnum
1335 1000 1468 1038 decidi

271 1061 417 1108 gaudio
446 1061 580 1098 lassus.
633 1060 877 1106 Interposita
906 1062 1037 1097 minus
1068 1059 1164 1096 hora
1194 1071 1375 1106 pungere
1402 1071 1468 1096 me

272 1133 392 1159 manu
421 1122 555 1165 coepit
583 1124 627 1156 et
659 1119 814 1156 dicere:
842 1109 996 1164 “quare
1027 1131 1109 1155 non
1137 1117 1359 1155 facimus?’'
1381 1123 1469 1155 tum

273 1192 349 1225 ego
377 1181 527 1215 totiens
557 1181 754 1215 excitatus
782 1177 901 1223 plane
921 1177 1186 1214 vehementer
1205 1175 1401 1213 excandui
1427 1180 1470 1213 et

272 1237 430 1275 reddidi
455 1236 513 1273 illi
540 1249 655 1274 voces
682 1249 789 1273 suas:
811 1227 900 1273 ‘aut
926 1235 1066 1282 dormi,
1086 1240 1156 1273 aut
1175 1247 1250 1281 ego
1269 1237 1348 1272 iam
1367 1237 1469 1282 patri

273 1296 403 1333 dicam
416 1295 424 1308 '
437 1295 459 1308 ”
483 1325 490 1332 .
515 1325 522 1332 .
546 1325 554 1332 .

194 1359 215 1393 3
222 1359 243 1393 8
330 1354 497 1391 Erectus
506 1354 566 1391 his
575 1354 820 1391 sermonibus
833 1352 1039 1389 consulere
1051 1351 1350 1398 prudentiorem
1358 1364 1471 1398 coepi

273 1418 426 1451 aetates
444 1412 668 1450 tabularum
688 1417 731 1449 et
750 1411 944 1457 quaedam
963 1415 1198 1456 argumenta
1215 1409 1314 1446 mihi
1332 1410 1470 1446 obseu-

273 1485 317 1509 ra
358 1471 554 1517 simulque
595 1483 751 1508 causam
794 1469 969 1506 desidiae
1009 1470 1229 1515 praesentis
1268 1472 1470 1514 excutere,

274 1544 365 1568 cum
390 1529 679 1576 pulcherrimae
705 1533 810 1566 artes
835 1530 1045 1574 perissent,
1069 1529 1176 1564 inter
1198 1539 1294 1572 quas
1317 1528 1471 1572 pictura

274 1602 325 1626 ne
345 1591 553 1625 minimum
573 1587 736 1633 quidem
755 1589 815 1624 sui
838 1588 1051 1631 vestigium
1074 1585 1308 1630 reliquisset.
1367 1583 1470 1621 Tum

273 1647 341 1685 ille
369 1638 626 1693 “pecuniae''
652 1648 784 1691 inquit
807 1635 1036 1690 “cupiditas
1059 1643 1158 1680 haec
1181 1645 1332 1689 tropica
1357 1644 1468 1679 insti-

184 1706 254 1744 LO
273 1709 362 1744 tuit.
385 1696 389 1750 Ι
425 1705 563 1742 Priscis
579 1707 686 1741 enim
701 1703 959 1749 temporibus,
976 1715 1066 1739 cum
1080 1701 1209 1738 adhuc
1225 1700 1333 1738 nuda
1346 1703 1470 1737 virtus

272 1765 461 1811 placeret,
482 1763 672 1809 vigebant
693 1767 799 1798 artes
822 1764 1020 1806 ingenuae
1044 1772 1319 1805 summumque
1343 1763 1468 1795 certa-

271 1836 365 1860 men
386 1825 492 1859 inter
511 1821 692 1858 homines
712 1825 810 1865 erat,
831 1833 882 1856 ne
907 1818 1003 1865 quid
1029 1818 1280 1865 profuturum
1304 1817 1468 1854 saeculis

271 1882 339 1919 diu
365 1881 521 1917 lateret.
582 1879 724 1925 Itaque
750 1878 961 1915 herbarum
985 1880 1161 1914 omnium
1185 1889 1297 1913 sucos
1320 1875 1468 1912 Demo-

272 1943 393 1977 critus
427 1940 633 1984 expressit,
668 1942 711 1974 et
743 1949 795 1973 ne
829 1935 1005 1981 lapidum
1038 1934 1378 1980 virgultorumque
1411 1935 1467 1974 'lis

270 1995 429 2038 lateret,
449 1998 626 2030 aetatem
649 1995 755 2028 inter
779 1993 1053 2036 experimenta
1076 1991 1325 2034 consumpsit.
1386 1992 1462 2029 Eu-

271 2050 394 2087 doxos
414 2038 611 2094 [quidem]
633 2050 674 2083 in
698 2049 902 2083 cacumine
927 2044 1181 2082 excelsissimi
1205 2050 1349 2086 mentis
1372 2059 1464 2084 con-

382 2132 458 2168 172
