1534 2470
140 729 189 763 58

443 201 605 241 TITUS
635 203 947 243 PETRONIUS
975 205 1215 244 ARBITER

221 284 359 318 tamen
387 294 561 329 operam,
582 288 628 321 ut
653 283 816 321 domino
839 287 933 323 satis
951 285 1138 333 facerem,
1157 286 1309 325 homini
1327 290 1423 326 mai-

221 337 339 382 iesto¹
366 350 409 383 et
428 345 662 393 dignitosso,
683 350 793 385 cuius
813 348 936 394 pluris
952 354 1039 387 erat
1056 353 1215 397 unguis,
1239 363 1358 398 quam
1377 357 1422 390 tu

221 412 330 445 totus
350 421 402 446 es.
463 409 517 446 Et
537 409 733 447 habebam
752 414 795 448 in
819 411 950 459 domo,
971 415 1039 458 qui
1063 413 1163 450 mihi
1187 414 1335 461 pedem
1353 428 1422 462 op-

221 477 421 518 ponerent
458 472 532 510 hac
573 473 685 519 illac;
728 479 1042 522 tamen—genio
1079 477 1184 514 illius
1221 481 1422 524 gratias—

221 538 389 573 enatavi.
441 537 556 574 Haec
583 542 677 574 sunt
699 551 792 575 vera
813 538 945 584 athla3
973 553 1067 577 nam
1097 531 1172 586 [in]
1202 543 1422 587 ingenuum

220 602 328 636 nasci
354 604 438 637 tam
461 600 577 638 facile
598 606 660 638 est
679 614 798 647 quam
819 592 985 640 ‘accede
1004 604 1128 641 istoe.’
1178 603 1287 651 Quid
1315 618 1422 643 nunc

220 667 357 709 stupes
376 668 570 709 tanquam
590 664 722 702 hircus
742 667 784 702 in
805 665 997 703 ervilia?'’

278 725 372 764 Post
390 726 466 764 hoc
486 727 642 764 dictum
664 728 801 774 Giton,
822 731 890 774 qui
909 729 960 766 ad
986 729 1110 776 pedes
1137 731 1280 778 stabat,
1301 734 1422 769 risum

219 792 298 826 iam
317 790 385 827 diu
406 803 675 837 compressum
695 794 817 828 etiam
836 792 1074 830 indecenter
1093 793 1242 831 effudit.
1302 793 1422 841 Quod

220 866 310 889 cum
330 853 677 891 animadvertisset
700 854 947 892 adversarius
967 855 1136 902 Ascylti,
1156 856 1267 895 flexit
1290 860 1422 895 eonvi-

221 918 326 953 cium
356 919 398 953 in
431 930 600 963 puerum
634 923 677 955 et
707 908 801 955 “Tu
835 919 1004 956 autem”
1039 922 1171 966 inquit
1195 911 1350 958 “etiam
1375 926 1420 958 tu

221 979 340 1026 rides,
374 993 496 1026 caepa
530 975 721 1018 cirrata?'2
786 981 831 1018 Io
864 981 1100 1029 Saturnalia,
1134 996 1243 1030 rogo,
1274 987 1422 1021 mensis

219 1043 435 1080 december
447 1045 532 1081 est?
561 1043 733 1090 Quando
743 1047 969 1082 vicesimam
985 1047 1227 1083 numerasti?
1259 1041 1421 1084 Nescit3

220 1107 317 1153 quid
347 1107 479 1154 faciat,
515 1111 640 1145 crucis
674 1108 772 1154 offla,
803 1121 1008 1145 corvorum
1042 1109 1196 1146 cibaria.
1256 1110 1421 1156 Curabo,

220 1172 298 1206 iam
318 1171 392 1207 tibi
414 1171 517 1208 Iovis
538 1173 661 1208 iratus
681 1173 745 1217 sit,
767 1176 810 1209 et
835 1174 901 1209 isti
931 1175 998 1218 qui
1027 1173 1101 1209 tibi
1129 1186 1210 1210 non
1237 1176 1418 1220 imperat.

221 1232 284 1270 lta
302 1238 412 1271 satur
429 1247 533 1280 pane
553 1234 656 1280 fiam,
671 1239 719 1272 ut
738 1247 814 1280 ego
833 1235 940 1272 istud
956 1235 1176 1273 conliberto
1189 1249 1280 1274 meo
1295 1236 1421 1282 don03

219 1297 395 1343 alioquin
413 1300 493 1334 iam
511 1298 586 1335 tibi
606 1298 973 1344 depraesentiarum
992 1299 1264 1337 reddidissem.
1309 1299 1420 1337 Bene

220 1373 292 1398 nos
320 1360 525 1407 habemus,
553 1366 595 1398 at
623 1364 689 1399 isti
718 1355 881 1408 nugae,4
907 1365 974 1408 qui
1001 1363 1075 1399 tibi
1102 1376 1183 1399 non
1208 1365 1416 1410 imperant.

222 1423 343 1461 Plane
352 1424 478 1470 qualis
487 1424 683 1471 dominus,
692 1425 783 1462 talis
792 1430 835 1462 et
848 1437 992 1462 servus.
1005 1425 1080 1462 Vix
1093 1438 1158 1463 me
1170 1430 1305 1472 teneo,
1320 1419 1419 1463 nec⁵

220 1500 308 1525 sum
335 1493 478 1525 natura
509 1488 826 1534 caldicerebrius,
857 1481 951 1526 sed6
982 1502 1073 1525 cum
1099 1491 1225 1535 coepi,
1250 1494 1419 1526 matrem

218 1564 349 1588 meam
369 1551 566 1597 dupundii
585 1564 667 1588 non
687 1551 798 1589 facio.
851 1551 989 1597 Recte,
1002 1551 1146 1589 videbo
1165 1556 1208 1589 te
1228 1554 1270 1588 in
1288 1552 1417 1598 publi-

219 1628 323 1660 cum,
335 1627 435 1660 mus,
448 1617 570 1651 immo
584 1619 715 1652 terrae
730 1615 867 1651 tuber:
887 1627 962 1651 nec
978 1627 1131 1651 sursum
1146 1627 1221 1652 nec
1234 1614 1417 1652 deorsum

217 1691 299 1714 non
319 1690 464 1723 cresco,
485 1680 558 1714 nisi
588 1678 794 1715 dominum
821 1683 936 1715 tuum
962 1680 1005 1714 in
1030 1682 1144 1714 rutae
1171 1677 1311 1715 folium
1335 1691 1417 1715 non

217 1744 382 1787 conieci,
415 1754 491 1777 nec
529 1741 603 1777 tibi
641 1754 812 1787 parsero,
851 1741 948 1778 licet
993 1740 1242 1778 mehercules
1281 1740 1414 1778 Iovem

261 1804 444 1835 ¹maiiesto
467 1804 662 1835 Buecheler
671 1805 865 1846 following
886 1804 1076 1835 Muncker:
1099 1804 1182 1835 mali
1205 1804 1283 1835 isto.

258 1853 272 1874 ²
282 1856 415 1886 cirrata
431 1856 623 1887 Reinesius
635 1866 647 1886 .·
671 1855 816 1896 pirrata.

258 1906 272 1927 ³
282 1907 395 1939 nescit
410 1907 577 1948 supplied
590 1907 632 1948 by
649 1907 852 1939 Buecheler.

256 1958 271 1978 ⁴
282 1969 402 2001 nugae
418 1958 631 1990 Buecheler:
654 1969 784 1999 geuge.

256 2010 270 2030 ⁶
280 2021 345 2042 nec
353 2010 457 2051 Jahn
468 2021 481 2041 .·
506 2014 552 2042 et.

255 2061 552 2094 ‘caldicerebrius
561 2061 665 2101 Jahn
677 2073 689 2092 .·
711 2060 836 2092 caldus
853 2061 948 2093 cicer
965 2063 1062 2096 eius2
1215 2063 1280 2095 sed
1295 2063 1415 2095 added

213 2106 256 2147 by
264 2105 466 2137 Buecheler.

327 2160 402 2193 104
