1500 2470
98 1008 142 1040 13

387 192 549 230 TITUS
582 192 894 230 PETRONIUS
924 191 1164 229 ARBITER

168 272 351 309 laciniam
364 277 586 309 extremam
601 277 830 318 concutere,
846 275 878 310 si
893 285 1015 318 quem
1030 271 1134 309 forte
1151 277 1373 319 emptorem

167 335 357 382 splendor
386 338 507 373 vestis
536 340 672 382 posset
700 335 913 373 adducere.
967 335 1054 372 Nec
1092 335 1161 373 diu
1200 340 1374 372 moratus

168 402 338 437 rusticus
359 399 521 446 quidam
540 399 743 437 familiaris
763 399 887 436 oculis
906 401 1006 436 meis
1026 411 1117 435 cum
1141 398 1374 436 muliercula

170 466 316 500 comite
337 466 497 510 propius
517 465 685 500 accessit
704 476 749 500 ac
769 463 1002 509 diligentius
1023 462 1273 500 considerare
1292 462 1374 509 pal-

170 527 267 564 lium
281 529 423 573 eoepit.
458 526 637 564 Invicem
646 526 830 573 Ascyltos
843 529 982 563 iniecit
994 526 1385 577 contemplationem·

170 603 289 637 super
316 603 472 628 umeros
499 592 635 627 rustici
667 592 856 636 emptoris
890 603 935 627 ac
969 590 1101 627 subito
1127 592 1374 627 exanimatus

171 651 374 686 conticuit.
407 649 467 686 Ac
493 662 545 686 ne
572 651 657 695 ipse
688 648 852 694 quidem
883 650 968 685 sine
999 647 1132 694 aliquo
1161 651 1273 684 motu
1304 646 1374 683 ho-

172 711 322 745 minem
357 710 559 754 conspexi,
586 721 679 744 nam
714 707 924 745 videbatur
953 706 1022 744 ille
1048 706 1147 743 mihi
1178 718 1277 751 esse,
1307 708 1374 752 qui

172 770 350 805 tunicam
364 769 406 803 in
418 766 634 804 solitudine
650 769 868 803 invenerat.
902 765 1158 812 Planeisipse
1167 769 1263 802 erat.
1294 763 1375 802 Sed

173 839 264 863 cum
283 825 468 871 Ascyltos
488 828 652 862 timeret
671 825 791 862 fidem
811 824 1027 870 oculorum,
1043 837 1094 861 ne
1110 823 1206 870 quid
1223 827 1376 860 temere

172 885 337 930 faceret,
365 887 472 930 prius
504 888 694 929 tanquam
729 888 886 930 emptor
915 885 1075 930 propius
1105 884 1272 919 accessit
1305 881 1374 918 de-

174 946 374 989 traxitque
388 945 535 980 umeris
549 942 733 979 laciniam
749 947 791 980 et
806 942 1038 988 diligentius
1054 933 1298 987 temptavit.l
1337 939 1374 977 O

174 1002 305 1040 lusum
329 1001 512 1039 fortunae
536 1001 768 1038 mirabilem.
827 1001 930 1038 Nam
954 1000 1084 1038 adhuc
1103 1012 1178 1037 nec
1198 990 1376 1036 suturae²

174 1061 337 1108 quidem
353 1060 545 1098 attulerat
560 1063 730 1097 rusticus
746 1062 915 1097 curiosas
935 1071 1087 1104 manus,
1101 1052 1166 1095 et⁸
1186 1062 1375 1104 tanquam

175 1120 350 1157 mendici
369 1119 539 1166 spolium
559 1122 681 1156 etiam
696 1118 899 1156 fastidiose
916 1117 1158 1155 venditabat.
1191 1116 1374 1162 Ascyltos

175 1184 385 1226 postquam
401 1178 628 1224 depositum
644 1190 729 1214 esse
746 1177 978 1214 inviolatum
994 1175 1095 1213 vidit
1110 1179 1152 1212 et
1166 1187 1374 1221 personam

176 1237 389 1275 vendentis
409 1241 696 1283 contemptam,
717 1235 877 1273 seduxit
895 1248 959 1272 me
980 1233 1184 1281 paululum
1211 1246 1234 1269 a
1259 1233 1377 1270 turba

177 1301 220 1334 et
236 1287 392 1341 “Scis,'’
410 1298 541 1341 inquit
556 1285 725 1340 “frater,
742 1293 906 1331 rediisse
921 1293 971 1330 ad
988 1305 1058 1330 nos
1074 1291 1304 1329 thesaurum
1324 1290 1375 1327 de

178 1368 256 1401 quo
276 1355 494 1401 querebar?
533 1353 607 1390 Illa
626 1358 688 1391 est
707 1352 886 1390 tunicula
905 1351 1048 1397 adhuc,
1064 1355 1110 1388 ut
1124 1354 1301 1397 apparet,
1316 1351 1376 1386 in-

179 1417 295 1452 tactis
314 1416 442 1451 aureis
463 1413 591 1459 plena.
644 1411 752 1458 Quid
773 1424 868 1458 ergo
888 1410 1066 1455 facimus,
1093 1414 1163 1446 aut
1189 1421 1267 1454 quo
1292 1410 1378 1445 iure

177 1486 262 1511 rem
282 1477 458 1510 nostram
478 1471 778 1509 vindicamus?”

234 1531 486 1569 Exhilaratus
507 1543 582 1576 ego
602 1543 683 1566 non
702 1534 860 1566 tantum
875 1530 967 1574 quia
981 1526 1169 1574 praedam
1181 1524 1377 1570 videbam,

178 1590 250 1628 sed
277 1593 399 1627 etiam
430 1589 537 1636 quod
568 1588 728 1625 fortuna
756 1600 821 1625 me
851 1601 875 1624 a
900 1588 1126 1632 turpissima
1156 1585 1378 1630 suspicione

179 1650 395 1694 dimiserat,
423 1651 566 1694 negavi
598 1650 765 1684 circuitu
798 1645 1012 1692 agendum,
1044 1643 1115 1681 sed
1146 1642 1263 1689 plane
1293 1644 1378 1678 iure

179 1708 283 1745 civili
304 1707 588 1752 dimicandum,
605 1711 651 1744 ut
671 1709 703 1744 si
723 1698 903 1742 nollent4
922 1704 1093 1740 alienam
1112 1715 1197 1739 rem
1217 1700 1379 1738 domino

179 1767 361 1812 reddere,
377 1766 428 1803 ad
449 1765 709 1802 interdictum
728 1756 942 1801 venirent.5

224 1825 399 1857 ‘tentavit
416 1825 630 1856 Burmann:
653 1823 794 1854 ternuit.

222 1867 390 1900 ⁹suturae
409 1867 597 1899 Pithoeus:
621 1867 760 1898 futurae
778 1865 854 1896 and
866 1863 1028 1895 furtivae.

226 1913 239 1931 ³
249 1916 284 1944 et
299 1911 514 1943 Buecheler:
538 1910 611 1941 sed.

223 1954 376 1986 ⁴nollent
392 1954 597 1986 Buecheler:
621 1953 739 1983 nollet.

223 1997 236 2018 ⁵
246 1998 407 2030 venirent
423 1996 635 2028 Buecheler:
652 1995 798 2026 veniret.
829 1994 936 2035 After
947 1992 1082 2023 veniret
1096 1991 1153 2022 the
1164 1989 1269 2022 MSS.
1280 1990 1380 2031 place

183 2041 240 2074 the
256 2045 358 2083 poem
381 2040 466 2082 quid
493 2039 640 2077 faciant,
667 2042 733 2069 etc.
757 2036 813 2078 (p.
850 2036 915 2077 18):
942 2036 973 2067 it
995 2036 1027 2066 is
1051 2033 1257 2076 transposed
1279 2035 1311 2064 to
1334 2033 1379 2064 its

178 2087 322 2127 present
331 2084 487 2126 position
504 2083 546 2124 by
561 2081 762 2114 Buecheler.

295 2140 343 2178 16
