1534 2470
438 213 600 252 TITUS
632 213 944 253 PETRONIUS
973 213 1214 252 ARBITER

216 297 270 340 it3
290 307 367 341 ego
392 299 532 332 contra
556 294 645 341 plus
671 293 813 332 libram
839 294 1008 341 comedi,
1023 289 1117 333 nam
1134 298 1264 342 ipsum
1283 309 1423 344 aprum

218 367 410 413 sapiebat.
462 366 516 404 Et
535 368 580 412 si,
600 368 778 413 inquam,
799 379 912 404 ursus
936 366 1247 406 homuncionem
1266 373 1423 407 comest

217 443 368 485 quanto
399 440 526 484 magis
563 437 777 475 homuncio
809 437 934 476 debet
966 451 1102 476 ursum
1134 440 1334 478 comesse?
1375 438 1425 477 In

217 522 371 548 summo
389 509 600 547 habuimus
626 522 786 547 caseum
808 509 973 548 mollem
999 523 1049 548 ex
1077 523 1172 557 sapa
1200 515 1243 549 et
1270 510 1423 549 cocleas

217 581 394 628 singulas
415 586 459 619 et
477 580 621 619 cordae
644 580 771 618 frusta
795 586 838 619 et
866 581 1030 628 hepatia
1052 584 1096 619 in
1121 581 1264 621 catillis
1287 587 1330 621 et
1352 595 1425 620 ova

218 653 383 700 pilleata
408 657 452 691 et
474 665 610 700 rapam
637 657 680 691 et
706 665 854 700 senape
881 658 924 691 et
950 653 1129 691 catillum
1154 659 1424 700 concacatum,

219 738 296 772 pax
318 724 561 762 Palamedes.
622 724 756 762 Etiam
771 727 813 762 in
832 724 945 762 alveo
965 725 1198 763 circumlata
1215 731 1310 764 sunt
1329 739 1424 773 oxy-

219 799 386 843 comina,
406 796 515 834 unde
545 795 707 842 quidam
736 799 858 834 etiam
886 797 1066 843 improbe
1085 802 1221 835 ternos
1243 789 1427 844 pugnos¹

220 868 477 906 sustulerunt.
538 868 642 905 Nam
667 881 816 914 pernae
837 870 1066 906 missionem
1092 867 1285 907 dedimus.
1344 868 1426 908 Sed

221 953 336 977 narra
354 939 465 986 mihi,
488 939 576 985 Gai,
591 952 701 986 rogo,
718 939 938 977 Fortunata
949 952 1070 986 quare
1082 952 1164 977 non
1175 941 1373 978 recumbit
1381 940 1424 978 ?’'

224 1002 470 1058 “Quomodo
495 1010 634 1048 nosti'’
655 1013 788 1057 inquit
821 1000 997 1048 “illam”
1037 1010 1277 1049 Trimalchio
1315 1002 1426 1064 “nisi

221 1088 435 1130 argentum
462 1085 741 1129 composuerit,
768 1085 844 1120 nisi
869 1082 1055 1128 reliquias
1078 1085 1211 1129 pueris
1234 1082 1426 1130 diviserit,

222 1168 366 1202 aquam
383 1157 427 1192 in
446 1167 489 1192 os
508 1167 623 1191 suum
642 1167 724 1191 non
743 1153 953 1192 coniciet.'’
1013 1144 1203 1200 “'Atqui’'
1220 1154 1426 1201 respondit

226 1227 435 1265 Habinnas
466 1216 575 1263 “nisi
604 1225 674 1263 illa
701 1225 928 1272 discumbit,
959 1238 1035 1271 ego
1062 1238 1128 1263 me
1155 1225 1352 1272 apoculo”
1383 1231 1427 1264 et

224 1303 412 1346 coeperat
444 1310 620 1344 surgere,
654 1299 730 1334 nisi
763 1299 877 1343 signo
907 1297 1002 1334 dato
1036 1297 1254 1335 Fortunata
1285 1302 1427 1344 quater

225 1370 394 1417 amplius
408 1383 432 1407 a
445 1374 533 1407 tota
544 1369 694 1406 familia
706 1373 812 1406 esset
826 1374 976 1406 vocata.
1021 1368 1144 1406 Venit
1159 1381 1254 1415 ergo
1265 1369 1426 1415 galbino

225 1445 427 1480 succincta
453 1441 628 1487 cingillo,
651 1443 709 1478 ita
734 1445 780 1478 ut
803 1440 907 1477 infra
930 1443 1106 1478 cerasina
1128 1445 1339 1487 appareret
1363 1446 1427 1479 tu-

225 1516 315 1551 nica
343 1518 386 1551 et
413 1512 669 1560 periscelides
699 1517 830 1550 tortae
863 1511 1176 1558 phaecasiaeque
1209 1514 1424 1550 inauratae.

225 1585 338 1623 Tunc
363 1585 520 1622 sudario
546 1596 686 1622 manus
712 1588 890 1630 tergens,
914 1583 1022 1629 quod
1046 1586 1089 1620 in
1112 1583 1213 1620 collo
1239 1582 1426 1630 habebat,

225 1657 399 1704 applicat
427 1669 472 1694 se
495 1655 553 1692 illi
578 1660 680 1702 toro,
706 1658 749 1692 in
775 1668 854 1701 quo
883 1654 1065 1693 Scintilla
1099 1655 1313 1692 Habinnae
1346 1654 1425 1692 dis-

225 1729 439 1766 cumbebat
475 1740 586 1773 uxor,
625 1726 879 1772 osculataque
917 1725 1178 1773 plaudentem
1216 1716 1312 1763 “est
1348 1725 1423 1764 te”

225 1802 357 1847 inquit
376 1790 546 1837 “videre
557 1799 604 1836 ?”

278 1871 338 1909 Eo
368 1871 516 1909 deinde
547 1875 786 1917 perventum
817 1874 891 1916 est,
920 1874 968 1907 ut
1006 1870 1223 1907 Fortunata
1252 1869 1424 1907 armillas

222 1956 311 1982 suas
358 1945 603 1980 crassissimis
650 1941 884 1979 detraheret
930 1941 1088 1979 lacertis
1137 1940 1421 1987 Scintillaeque

221 2017 382 2052 miranti
400 2013 643 2052 ostenderet.
677 2013 831 2051 Ultimo
846 2015 967 2050 etiam
987 2012 1241 2059 periscelides
1259 2011 1421 2050 resolvit

362 2102 591 2145 ¹improbiter
605 2112 671 2134 nos
687 2112 810 2143 pugno
826 2101 998 2133 corrected
1009 2101 1053 2142 by
1067 2099 1268 2133 Buecheler.

335 2160 412 2200 126
