1534 2470
531 192 845 231 SATYRIOON

83 278 289 323 spinsters,
300 272 384 312 aad
403 272 475 312 the
492 285 588 320 very
602 272 724 319 dregs
737 273 785 311 of
797 272 872 311 her
885 272 1025 319 slaves,
1040 271 1121 310 and
1134 272 1290 311 invited

84 333 198 372 them
220 338 265 373 to
285 335 367 380 spit
389 345 498 379 upon
519 344 596 369 me.
655 331 675 369 Ι
699 336 775 378 put
796 344 865 378 my
884 330 1013 369 hands
1035 336 1080 369 to
1101 344 1172 378 my
1194 344 1289 378 eyes

83 391 163 430 and
190 404 316 430 never
341 390 494 438 pom-ed
522 389 631 428 forth
656 402 736 436 any
757 389 915 437 appeal,
938 389 1001 427 for
1028 389 1048 427 1
1077 389 1198 428 knew
1219 403 1289 437 my

83 451 252 497 dmerts,
273 449 355 488 and
376 462 457 487 was
483 449 632 487 beaten
658 448 741 487 and
767 454 858 495 spat
884 462 994 496 upon
1020 448 1103 486 and
1129 448 1289 487 thrown

83 515 156 549 out
172 509 221 548 of
231 509 360 548 doors.
419 507 652 546 Proselenos
664 505 745 546 &vas
762 507 922 546 thrown
940 512 1014 546 out
1030 512 1113 554 too,
1128 507 1289 554 Chrysis

85 581 166 607 was
184 567 359 614 flomed,
380 566 462 604 and
482 566 537 604 all
558 566 632 604 the
654 566 782 604 slaves
803 565 1010 604 muttered
1034 566 1226 613 gloomily
1244 572 1290 604 to

86 627 341 673 themselves,
358 625 440 664 and
456 625 583 663 asked
600 624 692 662 who
711 624 792 662 had
809 630 929 672 upset
946 625 1056 663 their
1076 625 1289 663 mistress’s

84 689 228 734 spirits.
259 714 269 724 .
300 715 309 724 .
341 715 350 723 .
381 685 436 724 So
461 684 568 722 aster
594 684 850 730 considering
871 697 939 731 my
957 687 1131 731 position
1151 684 1170 721 Ι
1190 685 1289 722 took

83 757 268 792 contage,
285 743 367 782 and
389 742 582 788 mrefixlly
604 742 676 780 hid
697 742 771 780 the
793 743 927 780 marks
950 742 998 780 of
1019 742 1093 781 the
1115 742 1202 780 lash
1227 743 1290 780 for

83 803 169 842 sear
192 803 411 850 Eumolpus
433 801 578 840 should
596 801 710 839 exult
728 814 774 839 or
792 801 917 839 Giton
936 802 988 839 be
1006 801 1226 849 depressed
1243 807 1289 840 at

2 911 5 913 .
83 875 151 910 my
170 862 360 908 disgraee.
392 853 399 907 Ι
430 859 551 908 Quod
568 860 697 898 solum
716 862 840 906 igitur
862 860 970 898 salvo
995 860 1149 907 pudore
1174 866 1289 907 pote-

83 934 181 967 ram,
201 923 436 966 contingere
454 919 690 965 languorem
709 918 904 964 simulavi,
923 919 1189 966 conditusque
1207 919 1289 956 lec-

84 980 171 1019 tulo
189 984 321 1018 totum
339 982 478 1026 ignem
496 977 639 1016 furoris
666 980 710 1015 in
738 990 828 1015 eam
855 981 1047 1024 converti,
1068 991 1171 1025 quae
1190 978 1290 1016 mihi

85 1041 265 1077 omnium
281 1037 476 1075 malorum
495 1049 614 1074 eausa
632 1035 784 1074 fuerat:

194 1132 260 1166 ter
277 1127 449 1173 corripui
466 1124 687 1163 terribilem
706 1137 827 1162 manu
846 1125 1079 1172 bipennem,

194 1191 260 1225 ter
277 1183 502 1231 languidior
520 1182 678 1221 coliculi
695 1188 866 1230 repente
884 1183 1024 1230 thyrso

197 1244 345 1282 ferrum
363 1245 494 1288 timui,
513 1241 621 1289 quod
639 1241 799 1288 trepido
817 1241 922 1279 male
941 1241 1064 1280 dabat
1081 1255 1208 1281 usum.

199 1303 284 1341 Nee
302 1305 379 1339 iam
399 1306 595 1348 poteram,
614 1300 722 1347 quod
740 1300 861 1338 modo
880 1301 1077 1339 conficere
1095 1301 1270 1348 libebat3

196 1373 369 1407 namque
387 1359 455 1397 illa
473 1364 585 1397 metu
606 1358 788 1405 frigidior
805 1361 965 1405 rigente
983 1359 1125 1397 bruma

197 1419 432 1464 confingent
452 1421 493 1455 in
514 1420 664 1455 viscera
681 1416 791 1454 mille
811 1422 951 1463 operta
968 1420 1089 1464 rugis.

199 1477 261 1516 lta
281 1490 359 1515 non
381 1479 492 1523 potui
512 1475 707 1523 supplicio
726 1480 847 1522 caput
864 1479 1033 1523 aperire,

196 1536 267 1575 sed
286 1535 498 1573 furciferae
517 1534 723 1572 mortifero
742 1536 886 1572 timore
904 1534 1015 1573 lusus

196 1595 246 1633 ad
267 1595 399 1640 verba,
419 1596 544 1640 magis
563 1605 666 1640 quae
686 1598 873 1640 poterant
890 1606 1049 1640 nocere,
1068 1593 1165 1642 fugi.

144 1683 312 1721 Erectus
333 1684 454 1728 igitur
473 1684 512 1718 in
533 1681 715 1718 cubitum
736 1679 812 1718 hac
834 1680 920 1718 fere
942 1684 1123 1720 oratione
1148 1688 1290 1721 eontu-

89 1755 242 1780 macem
262 1743 420 1778 vexavi:
440 1731 463 1748 ‘⁴
474 1738 582 1786 Quid
603 1739 736 1777 dieis”
751 1742 916 1785 inquam
931 1730 957 1747 “
968 1743 1148 1778 omnium
1162 1740 1290 1779 homi-

89 1813 186 1838 num
205 1799 450 1845 deorumque
472 1798 627 1845 pudor?
657 1797 760 1835 Nam
780 1811 832 1835 ne
847 1801 1053 1836 nominare
1068 1800 1233 1846 quidem
1246 1806 1291 1838 te

91 1862 197 1897 inter
215 1871 278 1896 τω
297 1860 417 1895 serias
435 1857 494 1895 fas
514 1862 587 1895 eet.
647 1857 739 1894 Hoc
767 1856 820 1894 de
847 1862 891 1895 te
918 1860 1060 1904 merui,
1080 1863 1127 1896 ut
1153 1871 1220 1896 me
1247 1862 1291 1896 in

91 1917 201 1955 eaelo
230 1919 402 1964 positum
430 1916 482 1954 ad
510 1915 659 1953 inferos
686 1915 894 1954 traheres?
926 1908 933 1962 Ι
966 1916 1026 1954 Ut
1060 1917 1291 1955 traduceres
1311 1917 1346 1963 L

91 1989 216 2013 annos
233 1978 361 2022 primo
378 1973 566 2012 florentes
580 1977 716 2021 vigore
730 1979 998 2021 senectaeque
1013 1975 1178 2014 ultimae
1193 1977 1293 2023 mihi

93 2033 368 2072 lassitudinem
386 2036 612 2079 imponeres
624 2034 641 2069 ?
691 2032 802 2079 Rogo
820 2038 877 2079 te,
896 2033 994 2071 mihi
1013 2035 1203 2081 apodixin
1222 2035 1294 2074 de÷

95 2092 330 2139 fimetoriam
349 2091 514 2138 redde.”
573 2091 689 2129 Haec
707 2097 755 2130 ut
772 2094 896 2130 iratus
914 2092 1051 2139 effudi,

1105 2152 1184 2195 295
