1500 2470
110 1887 154 1919 41

403 211 566 252 TITUS
597 215 909 255 PETRONIUS
939 216 1178 255 ARBITER

183 294 378 341 parandos
408 294 467 332 illi
494 294 676 333 homines
703 309 785 333 non
816 296 950 344 fuisse,
979 297 1108 336 donec
1137 297 1390 336 advenerunt

183 360 355 395 ministri
374 371 420 395 ac
439 358 580 396 toralia
600 365 916 406 praeposuerunt
935 363 1044 407 toris,
1064 364 1107 398 in
1127 362 1269 408 quibus
1288 364 1390 399 retia

185 426 300 459 erant
333 424 441 468 picta
475 423 802 469 subsessoresque
841 437 932 461 cum
965 424 1170 462 venabulis
1205 429 1248 462 et
1279 429 1390 462 totus

185 488 406 523 venationis
420 491 640 532 apparatus.
682 486 867 524 Necdum
880 488 1113 534 sciebamus,
1123 501 1201 535 quo
1209 491 1390 526 mittere·

184 561 272 586 mus
293 551 535 595 suspiciones
559 554 726 596 nostras,
749 563 840 587 cum
864 555 978 588 extra
1003 551 1222 589 triclinium
1243 550 1390 588 clamor

185 611 366 650 sublatus
386 617 449 650 est
468 616 624 659 ingens,
645 619 688 651 et
708 626 801 651 ecce
817 627 935 652 canes
951 613 1136 652 Laconici
1152 617 1274 652 etiam
1288 617 1392 652 cirea

184 689 364 715 mensam
388 676 609 714 discurrere
633 682 864 724 coeperunt.
923 677 1116 716 Secutum
1142 683 1206 717 est
1230 678 1302 716 hos
1328 691 1391 717 re-

185 743 431 788 positorium,
458 743 500 777 in
527 753 606 787 quo
632 743 783 787 positus
810 747 897 779 erat
923 744 1073 788 primae
1103 742 1389 788 magnitudinis

185 817 293 851 aper,
314 809 356 842 et
376 804 539 850 quidem
563 804 763 851 pilleatus,
784 818 806 842 e
831 808 941 842 cuius
965 805 1154 843 dentibus
1177 805 1390 853 sportellae

186 868 474 914 dependebant
512 867 614 905 duae
652 868 836 914 palmulis
875 873 1024 915 textae,
1058 868 1185 906 altera
1222 871 1389 916 caryotis

185 932 311 970 altera
334 931 528 969 thebaicis
551 932 716 978 repleta.
740 932 853 969 Circa
873 937 1010 970 autem
1034 935 1206 970 minores
1228 932 1389 980 porcelli

187 1009 237 1033 ex
268 995 584 1041 coptoplacentis
615 994 724 1041 facti,
758 998 869 1041 quasi
899 996 1088 1033 uberibus
1120 999 1390 1042 imminerent,

187 1058 356 1097 scrofam
390 1071 477 1096 esse
511 1061 681 1105 positam
715 1059 1001 1104 significabant.
1067 1058 1121 1096 Et
1153 1058 1195 1096 hi
1229 1058 1389 1105 quidem

185 1122 422 1169 apophoreti
445 1122 619 1159 fuerunt.
680 1122 868 1159 Ceterum
891 1122 942 1159 ad
965 1122 1229 1160 scindendum
1251 1135 1390 1169 aprum

187 1199 268 1223 non
294 1185 362 1223 ille
395 1185 543 1231 Carpus
573 1188 752 1231 accessit,
784 1188 852 1231 qui
880 1186 1007 1222 altilia
1035 1185 1290 1232 laceraverat,
1320 1185 1390 1224 sed

187 1250 374 1287 barbatus
398 1251 555 1294 ingens,
579 1248 709 1285 fasciis
733 1249 949 1286 cruralibus
972 1249 1158 1294 alligatus
1182 1254 1224 1286 et
1249 1248 1390 1286 alicula

187 1313 424 1351 subornatus
448 1311 653 1358 polymita,
674 1315 892 1358 strictoque
913 1315 1116 1349 venatorio
1140 1312 1269 1350 cultro
1286 1312 1391 1350 latus

187 1379 272 1423 apri
298 1376 562 1413 vehementer
587 1378 795 1422 percussit,
823 1388 872 1412 ex
899 1378 1009 1413 cuius
1033 1376 1151 1423 plaga
1173 1376 1282 1414 turdi
1301 1389 1392 1414 evo-

188 1439 382 1476 laverunt.
445 1439 575 1475 Parati
600 1451 774 1485 aucupes
801 1452 892 1475 cum
918 1438 1206 1476 harundinibus
1229 1438 1392 1476 fuerunt

190 1508 232 1540 et
252 1515 319 1540 eos
335 1505 437 1539 circa
453 1502 670 1539 triclinium
685 1502 900 1539 volitantes
914 1507 1119 1539 momento
1134 1507 1389 1549 exceperunt.

191 1566 292 1603 Inde
319 1579 411 1602 cum
441 1578 557 1602 suum
587 1568 731 1611 cuique
761 1568 940 1603 iussisset
969 1565 1109 1603 referri
1139 1565 1391 1611 Trimalchio,

189 1629 361 1666 adiecit:
384 1619 555 1665 “Etiam
588 1628 737 1674 videte,
765 1642 883 1674 quam
916 1641 1057 1675 porcus
1091 1628 1159 1666 ille
1193 1628 1390 1666 silvaticus

188 1685 328 1729 lotaml
346 1691 567 1729 comederit
580 1691 810 1737 glandem.’'
829 1691 974 1729 Statim
990 1694 1103 1738 pueri
1117 1691 1167 1728 ad
1183 1691 1390 1738 sportellas

188 1760 455 1801 accesserunt,
475 1767 577 1801 quae
597 1754 830 1800 pendebant
850 1767 872 1791 e
892 1754 1093 1800 dentibus,
1109 1754 1392 1801 thebaicasque

190 1824 233 1857 et
252 1823 430 1864 caryotas
450 1818 502 1855 ad
521 1831 732 1855 numerum
752 1817 920 1855 divisere
941 1818 1186 1855 cenantibus.

246 1881 415 1918 Interim
447 1894 534 1926 ego,
565 1883 632 1926 qui
663 1883 860 1926 privatum
891 1880 1088 1917 habebam
1118 1893 1328 1928 secessum,
1349 1884 1391 1919 in

189 1945 336 1983 multas
352 1947 614 1990 cogitationes
627 1943 825 1981 deductus
840 1956 940 1990 sum,
957 1957 1078 1990 quare
1097 1957 1193 1990 aper
1207 1945 1391 1991 pilleatus

191 2011 388 2045 intrasset.
410 2007 624 2053 Postquam
636 2009 771 2052 itaque
785 2009 912 2044 omnis
926 2006 1141 2044 bacalusias
1154 2010 1391 2054 consumpsi,

542 2103 549 2121 ¹
561 2104 670 2134 lotam
688 2103 735 2133 M
733 2103 861 2134 uncker
869 2114 881 2134 .·
904 2107 1029 2135 totam.

300 2161 353 2200 64
