1500 2470
411 190 575 230 TITUS
607 191 918 230 PETRONIUS
948 192 1187 230 ARBITER

193 272 327 310 culoso
356 272 534 310 inhorrui
565 272 726 318 frigore,
746 277 793 310 ut
821 276 1018 311 tertianae
1047 275 1170 311 etiam
1199 276 1395 320 impetum

193 342 367 376 timeam.
428 339 482 376 Et
511 339 604 377 ideo
634 339 875 377 medicinam
903 343 1056 377 somnio
1086 342 1186 386 petii
1213 342 1396 386 iussaque

192 420 279 445 sum
299 420 366 444 vos
395 410 626 453 perquirere
652 412 774 453 atque
801 409 998 454 impetum
1022 408 1150 445 morbi
1178 411 1398 445 monstrata

193 474 416 512 subtilitate
450 474 588 512 lenire.
639 474 720 513 Sed
753 474 805 512 de
838 474 1016 512 remedio
1046 488 1128 512 non
1165 479 1249 513 tam
1281 474 1397 514 valde

192 541 347 586 laboro;
375 544 501 579 maior
520 544 628 579 enim
647 543 691 579 in
709 541 948 588 praecordiis
968 541 1081 579 dolor
1095 544 1233 588 saevit,
1248 543 1316 588 qui
1330 554 1395 579 me

195 622 320 656 usque
351 608 403 646 ad
441 611 724 646 necessitatem
761 611 900 646 mortis
938 608 1115 655 deducit,
1154 621 1206 647 ne
1243 608 1397 646 scilicet

192 676 356 714 iuvenili
374 676 534 722 impulsi
554 676 718 714 licentia
731 676 838 722 quod
857 679 899 713 in
914 676 1059 714 sacello
1081 676 1210 723 Priapi
1228 675 1394 722 vidistis,

192 744 365 790 vulgetis
398 744 646 790 deorumque
677 743 841 781 consilia
870 743 1080 790 proferatis
1114 746 1157 781 in
1189 742 1392 790 populum.

194 811 395 849 Protendo
414 813 537 856 igitur
556 810 607 848 ad
632 823 766 857 genua
785 815 917 848 vestra
936 813 1096 857 supinas
1115 823 1255 848 manus
1281 815 1394 857 peto-

191 891 269 925 que
299 883 342 916 et
370 891 451 924 oro,
471 890 523 915 ne
552 882 766 915 nocturnas
795 877 1008 923 religiones
1036 880 1166 914 iocum
1194 879 1395 923 risumque

191 946 357 992 faciatis,
381 959 484 983 neve
513 945 724 983 traducere
754 944 885 982 velitis
914 949 977 982 tot
1005 958 1199 982 annorum
1227 949 1394 990 secreta,

192 1026 294 1059 quae
314 1015 379 1049 vix
398 1012 508 1050 mille
529 1012 711 1050 homines
731 1012 968 1050 noverunt.''

114 1086 159 1118 18
247 1080 477 1118 Secundum
525 1079 629 1117 hanc
671 1079 995 1126 deprecationem
1042 1079 1221 1117 lacrimas
1260 1091 1392 1117 rursus

191 1148 332 1186 effudit
350 1147 647 1193 gemitibusque
667 1146 786 1193 largis
806 1159 994 1185 concussa
1013 1151 1100 1184 tota
1118 1146 1219 1184 facie
1247 1159 1293 1183 ac
1322 1159 1390 1193 pe-

190 1220 300 1253 ctore
320 1220 451 1252 torum
471 1227 606 1251 meum
637 1217 790 1260 pressit.
852 1213 939 1259 Ego
968 1213 1111 1251 eodem
1139 1218 1320 1260 tempore
1349 1218 1392 1250 et

190 1277 458 1316 misericordia
477 1278 661 1315 turbatus
681 1281 724 1314 et
742 1282 867 1323 metu,
881 1277 1028 1314 bonum
1048 1279 1225 1314 animum
1242 1276 1391 1314 habere

190 1355 278 1379 eam
307 1344 402 1379 iussi
432 1346 474 1378 et
505 1341 556 1378 de
585 1345 755 1386 utroque
785 1353 871 1378 esse
901 1353 1099 1378 securam:
1137 1353 1230 1377 nam
1259 1353 1391 1387 neque

189 1418 298 1442 sacra
331 1417 572 1451 quemquam
605 1404 873 1450 vulgaturum,
905 1408 948 1442 et
978 1406 1011 1442 si
1041 1403 1148 1450 quod
1185 1408 1391 1450 praeterea

189 1468 297 1505 aliud
325 1467 549 1505 remedium
578 1466 630 1504 ad
660 1470 874 1504 tertianam
904 1466 1003 1504 deus
1032 1466 1090 1504 illi
1119 1471 1390 1513 monstrasset,

188 1532 441 1569 adiuvaturos
474 1544 546 1568 nos
580 1531 755 1568 divinam
792 1530 1084 1577 providentiam
1117 1530 1182 1567 vel
1214 1530 1390 1576 periculo

188 1599 334 1632 nostro.
372 1593 549 1630 Hilarior
561 1598 651 1640 post
667 1593 770 1631 hanc
782 1593 1112 1640 pollicitationem
1127 1592 1233 1630 facta
1247 1593 1390 1631 mulier

189 1658 356 1694 basiavit
387 1670 452 1694 me
487 1659 659 1703 spissius,
692 1661 735 1694 et
768 1670 818 1694 ex
850 1656 1020 1694 lacrimis
1055 1659 1098 1693 in
1129 1658 1251 1693 risum
1280 1661 1389 1694 mota

189 1720 483 1758 descendentes
521 1721 571 1757 ab
609 1733 703 1758 aure
747 1720 908 1766 capillos
946 1732 1055 1757 meos
1099 1711 1232 1756 lental
1268 1733 1387 1757 manu

133 1784 168 1821 L
187 1784 303 1821 duxit
332 1775 338 1829 Ι
370 1788 413 1821 et
440 1774 622 1820 “Facio''
653 1786 785 1829 inquit
815 1774 1022 1820 “indutias
1051 1782 1266 1828 vobiscum,
1295 1787 1338 1820 et
1365 1796 1388 1820 a

98 1847 168 1886 LO
188 1850 406 1884 constituta
425 1846 497 1884 lite
517 1846 688 1884 dimitto.
740 1845 859 1892 Quod
889 1837 894 1891 Ι
926 1848 959 1883 si
978 1859 1059 1883 non
1079 1845 1317 1883 adnuissetis
1337 1845 1387 1883 de

186 1910 260 1947 hac
279 1909 478 1947 medicina
498 1923 616 1955 quam
636 1914 744 1955 peto,
761 1912 838 1946 iam
856 1914 993 1955 parata
1014 1914 1099 1946 erat
1118 1911 1160 1945 in
1173 1911 1385 1946 crastinum

186 1974 315 2019 turba,
329 1986 430 2019 quae
443 1977 485 2010 et
500 1975 683 2010 iniuriam
695 1985 825 2009 meam
838 1972 1058 2009 vindicaret
1073 1976 1115 2009 et
1127 1971 1385 2017 dignitatem:

509 2079 521 2099 ¹
533 2083 628 2114 lenta
643 2081 883 2123 Bongarsius:
905 2084 1054 2113 tentata.

298 2137 351 2170 24
