1534 2470
440 198 603 238 TITUS
633 197 945 238 PETRONIUS
974 198 1215 237 ARBITER

222 279 374 317 Taurus
394 284 503 317 amat
521 292 688 326 gramen
707 284 862 317 mutata
882 292 1044 326 carpere
1063 278 1167 317 valle

333 340 376 372 et
395 335 480 372 fera
499 338 663 372 mutatis
683 338 856 372 sustinet
874 347 942 372 ora
961 335 1069 372 cibis.

225 389 316 437 Ipsa
336 390 422 427 dies
442 390 534 427 ideo
553 403 625 428 nos
645 395 760 436 grato
779 390 929 437 perluit
947 389 1106 435 haustu,

333 445 441 492 quod
460 448 698 492 permutatis
717 445 815 482 hora
832 447 1002 483 recurrit
1021 447 1144 491 equis.

227 640 277 678 78
298 636 455 674 P.L.M.
643 678 648 683 ,

176 697 196 730 5
231 693 352 738 Uxor,
372 692 474 738 legis
493 684 623 738 onus,1
639 691 764 729 debet
784 693 895 738 quasi
914 703 1056 728 census
1074 692 1206 727 amari.

335 760 413 785 nec
433 759 598 785 censum
617 746 765 784 vellem
784 759 944 793 semper
961 758 1095 783 amare
1114 757 1261 783 meum.

177 993 202 1033 6
233 994 390 1039 Linque
410 998 500 1030 tuas
521 992 638 1030 sedes
656 992 867 1038 alienaque
886 990 1005 1028 litora
1023 1003 1184 1037 quaere,

232 1041 280 1086 ο2
300 1051 475 1086 iuvenis:
505 1050 631 1085 maior
648 1060 782 1085 rerum
801 1047 876 1084 tibi
894 1049 1071 1084 nascitur
1090 1045 1197 1083 ordo.

231 1103 295 1141 Ne
316 1103 530 1141 succumbe
550 1102 684 1140 malis:
712 1107 755 1139 te
775 1104 932 1139 noverit
951 1101 1115 1138 ultimus
1137 1101 1291 1146 Hister,

231 1164 274 1197 te
294 1159 440 1196 Boreas
458 1158 617 1204 gelidus
637 1169 854 1203 securaque
873 1169 998 1202 regna
1017 1156 1180 1202 Canopi,

231 1217 380 1261 quique
399 1217 679 1251 renascentem
700 1211 906 1249 Phoebum
926 1215 1177 1256 cernuntque
1197 1209 1432 1247 cadentemt

232 1272 357 1307 maior
375 1271 417 1306 in
438 1273 624 1306 externas
643 1267 689 1305 fit
708 1270 776 1314 qui
784 1259 1031 1304 ⁸descendit
1048 1265 1227 1303 harenas.

183 1532 204 1570 7
237 1528 342 1565 Nam
361 1526 463 1563 nihil
482 1529 558 1571 est,
578 1524 686 1571 quod
704 1537 787 1562 non
805 1523 1037 1561 mortalibus
1055 1522 1194 1560 afferat
1211 1534 1348 1568 usum3

346 1582 466 1619 rebus
486 1583 529 1618 in
547 1580 723 1617 adversis
743 1592 846 1626 quae
865 1581 1022 1616 iacuere
1042 1580 1189 1615 iuvant.

237 1638 302 1676 Sic
321 1641 408 1674 rate
429 1635 609 1673 demersa
630 1634 785 1672 fulvum
805 1633 1054 1680 deponderat
1071 1646 1224 1678 aurum,

346 1704 547 1729 remorum
566 1690 708 1727 levitas
727 1689 920 1734 naufraga
937 1688 1117 1726 membra
1134 1687 1256 1724 vehit.

237 1748 338 1786 Cum
357 1758 526 1784 sonuere
545 1745 681 1791 tubae,
697 1744 833 1790 iugulo
853 1748 934 1781 stat
952 1743 1076 1780 divite
1095 1742 1245 1780 ferrum

346 1802 614 1839 barbaricum:
643 1802 776 1837 tenuis
796 1799 958 1846 praebia
976 1810 1131 1845 pannus
1150 1796 1284 1834 habet.
1287 1789 1303 1814 4

276 1884 289 1903 ¹
301 1883 393 1925 legis
411 1892 500 1914 onus
516 1881 723 1913 Baehrens:
747 1880 826 1911 inus
847 1880 885 1912 V.

275 1926 321 1959 ²0
338 1926 453 1957 added
463 1925 505 1966 by
521 1925 689 1965 Scaliger,
707 1923 854 1955 omilted
866 1923 910 1964 by
932 1922 970 1954 ΙΙ.

275 1969 289 1990 ³
301 1970 340 2002 fit
359 1969 418 2011 qui
434 1968 639 2000 Baehrens:
663 1967 770 1998 itacui
796 1966 834 1997 V.

275 2012 526 2045 ⁴barbaricum
543 2010 748 2042 Baehrens.
764 2009 880 2040 tenuis
896 2008 1044 2039 Butler·
1067 2006 1217 2049 praebia
1232 2005 1437 2038 Baehrenst

233 2056 392 2090 barbara
415 2054 635 2096 contempnit
657 2052 795 2095 praelia
827 2052 880 2090 V„
906 2051 1093 2093 retaining
1112 2049 1225 2082 whtch
1247 2049 1357 2081 hebes
1380 2049 1438 2088 for

233 2100 343 2133 habet
358 2098 525 2140 Scaliger.

347 2153 426 2188 344
