1500 2470
155 825 202 862 H

1399 164 1419 173 κ

437 207 599 247 TITUS
631 208 943 247 PETRONIUS
971 207 1211 245 ARBITER

218 287 407 334 Pompeio
443 288 740 335 Trimalchioni,
779 291 907 326 seviro
944 288 1170 335 Augustali,
1205 288 1419 326 Cinnamus

215 355 502 402 dispensator.’'
563 356 645 394 Sub
666 356 809 393 eodem
828 355 948 393 titulo
972 361 1015 394 et
1036 355 1200 393 lucerna
1222 354 1419 402 bilychnis

213 422 266 460 de
286 435 441 460 camera
460 423 676 469 pendebat,
694 428 737 460 et
755 423 858 460 duae
878 422 1038 460 tabulae
1057 425 1100 460 in
1119 427 1289 469 utroque
1303 426 1418 469 poste

213 489 380 536 defixae,
405 503 572 536 quarum
594 490 733 536 altera,
757 493 789 527 si
812 491 917 527 bene
940 491 1112 527 memini.
1142 489 1218 527 hoe
1243 489 1418 527 habebat

213 559 468 604 inscriptum:
498 548 608 594 “111.
627 562 670 594 et
689 557 816 603 pridie
836 557 1029 595 kalendas
1057 557 1256 595 Ianuarias
1283 557 1323 595 C.
1345 569 1415 594 no-

212 629 295 662 ster
324 624 428 662 foras
454 625 610 671 cenat,’'
632 624 758 662 altera
787 625 906 662 lunae
941 638 1098 662 cursum
1131 623 1415 670 stellarumque

211 697 368 738 septem
388 694 581 737 imagines
601 694 747 738 pictas3
775 696 817 729 et
845 694 913 738 qui
942 691 1028 729 dies
1056 692 1151 728 boni
1179 694 1326 738 quique
1353 693 1414 728 in-

210 759 407 796 commodi
429 763 576 804 essent,
597 758 873 804 distinguente
894 758 1003 796 bulla
1021 759 1274 796 notabantur.

265 817 270 871 Ι
305 826 382 863 His
402 826 547 872 repleti
568 825 839 872 voluptatibus
860 839 951 863 cum
970 839 1203 863 conaremur
1226 829 1269 863 in
1290 826 1413 864 tricli-

208 895 320 929 nium
340 895 502 938 intrare,
523 892 760 929 exclamavit
779 905 880 930 unus
897 906 945 930 ex
961 895 1107 939 pueris,
1123 895 1190 938 qui
1205 905 1324 939 super
1337 892 1413 930 hoc

208 959 378 996 officium
413 964 498 996 erat
532 962 696 1005 positus,
727 950 917 997 “Dextro
950 959 1080 1006 pede.y
1164 960 1258 997 Sine
1291 960 1413 998 dubio

207 1027 408 1073 paulisper
430 1027 728 1073 trepidavimus,
753 1040 805 1064 ne
830 1032 967 1064 contra
990 1032 1249 1074 praeceptum
1271 1027 1412 1074 aliquis

116 1093 192 1131 HL
207 1099 387 1131 nostrum
410 1094 534 1131 limen
563 1097 760 1131 transiret.
797 1086 1010 1139 lCeterum
1038 1099 1085 1131 ut
1112 1097 1261 1140 pariter
1288 1098 1410 1131 movi—

115 2006 158 2038 31

205 1174 293 1198 mus
308 1161 469 1198 dextros
482 1173 652 1206 gressus,
666 1173 800 1197 servus
816 1161 929 1197 nobis
944 1161 1187 1207 despoliatus
1199 1161 1410 1207 procubuit

205 1224 256 1261 ad
280 1224 403 1271 pedes
427 1237 473 1261 ac
496 1237 635 1269 rogare
660 1226 805 1270 coepit,
830 1229 876 1260 ut
902 1237 944 1276 se
968 1237 1120 1270 poenae
1145 1227 1407 1271 eriperemus:

205 1304 281 1328 nec
300 1304 491 1337 magnum
511 1303 597 1328 esse
618 1296 827 1337 peccatum
848 1303 975 1337 suum,
996 1296 1160 1338 propter
1178 1291 1284 1337 quod
1304 1295 1407 1338 peri-

205 1359 431 1404 clitaretur3
451 1358 647 1395 subducta
659 1361 767 1395 enim
782 1359 856 1395 sibi
871 1361 1112 1396 vestimenta
1125 1358 1407 1405 dispensatoris

203 1428 246 1462 in
284 1425 441 1471 balneo,
480 1438 582 1471 quae
620 1427 685 1462 vix
733 1425 903 1462 fuissent
940 1425 1082 1463 decem
1120 1428 1403 1464 sestertiorum.

207 1489 448 1526 Rettulimus
476 1501 571 1534 ergo
598 1489 758 1526 dextros
788 1489 912 1535 pedes
941 1489 1335 1536 dispensatoremque
1363 1493 1405 1527 in

202 1549 318 1593 atriol
342 1569 481 1593 aureos
510 1560 789 1593 numerantem
817 1555 1022 1602 deprecati
1047 1568 1194 1602 sumus,
1218 1561 1265 1593 ut
1292 1569 1404 1594 servo

202 1626 430 1660 remitteret
449 1635 630 1669 poenam.
689 1622 892 1669 Superbus
912 1622 980 1660 ille
1004 1622 1166 1660 sustulit
1185 1623 1340 1660 vultum
1360 1629 1403 1661 et

203 1677 328 1723 “Non
357 1691 440 1723 tam
469 1688 619 1723 iactura
647 1699 712 1723 me
741 1686 907 1723 movet”
941 1689 1072 1732 inquit
1105 1676 1257 1732 “quam
1274 1687 1401 1733 negli-

199 1753 338 1795 gentia
369 1751 600 1795 nequissimi
631 1752 743 1786 servi.
810 1749 1061 1786 Vestimenta
1090 1762 1180 1786 mea
1210 1750 1401 1787 cubitoria

198 1812 387 1858 perdidit,
409 1825 510 1858 quae
539 1812 637 1848 mihi
666 1812 789 1849 natali
817 1825 907 1849 meo
937 1812 1060 1849 cliens
1089 1812 1250 1858 quidam
1278 1813 1399 1850 dona-

198 1880 322 1921 verat,
346 1875 465 1921 Tyria
495 1878 580 1912 sine
612 1874 746 1920 dubio,
778 1875 848 1912 sed
880 1878 958 1911 iam
989 1875 1112 1912 semel
1139 1875 1231 1912 lota-
1290 1875 1398 1922 Quid

197 1951 293 1984 ergo
313 1938 398 1975 est?
452 1938 569 1975 Dono
589 1938 698 1975 vobis
719 1938 848 1975 eum.'’

251 2001 431 2047 Obligati
451 2006 534 2038 tam
553 2001 695 2046 grandi
719 2001 912 2038 beneficio
936 2014 1026 2038 cum
1049 2004 1305 2038 intrassemus
1325 2003 1394 2038 tri-

454 2080 464 2100 ¹
477 2081 511 2112 in
527 2081 620 2113 atrio
635 2081 846 2113 Buecheler:
869 2081 903 2112 in
921 2081 1092 2123 precario.

305 2143 357 2175 44
