1500 2470
422 202 584 244 TITUS
616 205 928 246 PETRONIUS
956 204 1196 245 ARBITER

106 289 147 328 16
156 289 228 327 LO
259 281 265 335 Ι
284 288 366 327 Sed
380 292 427 326 ut
441 289 613 333 primum
625 286 818 324 beneficio
831 287 989 325 Gitonis
1003 292 1235 334 praeparata
1247 301 1318 325 nos
1332 290 1400 326 im-

130 1102 175 1139 17

202 348 397 396 plevimus
426 358 538 391 cena,
558 347 704 383 ostium
729 359 811 383 non
830 349 925 384 satis
943 346 1083 384 audaci
1103 352 1150 384 sti
1185 349 1272 394 pitu
1293 359 1404 385 exso-

203 410 293 445 nuit
311 405 536 453 impulsum.

259 466 359 504 Cum
393 469 436 502 et
468 466 543 510 ipsi
581 476 678 510 ergo
710 463 848 510 pallidi
886 477 1127 512 rogaremus,
1161 468 1248 512 quis
1286 470 1405 512 esset,

208 516 399 571 “Aperi''
421 525 554 569 inquit
574 513 685 560 “iam
705 524 842 561 scies.'’
880 523 1069 570 Dumque
1088 524 1299 571 loquimur,
1319 538 1406 562 sera

205 597 275 622 sua
307 587 451 630 sponte
477 581 640 628 delapsa
670 582 817 620 cecidit
853 582 1110 630 reclusaeque
1141 584 1272 622 subito
1302 583 1406 622 fores

204 642 454 680 admiserunt
490 643 719 678 intrantem.
784 642 932 679 Mulier
968 647 1105 680 autem
1143 647 1230 680 erat
1266 648 1406 690 operto

207 704 352 748 capite,
372 700 440 738 illa
459 699 612 738 scilicet
631 713 732 747 quae
752 700 870 747 paulo
889 705 985 738 ante
1005 714 1097 738 cum
1115 704 1263 739 rustico
1281 706 1405 740 stete-

208 765 282 807 rat,
298 765 342 798 et
354 750 458 798 “Me
478 759 692 797 derisisse'’
711 762 843 806 inquit
857 750 959 798 “vos
978 761 1204 807 putabatis?
1224 773 1300 807 ego
1319 774 1406 799 sum

206 818 351 856 ancilla
387 817 622 864 Quartillae,
659 821 768 856 cuius
802 831 870 856 vos
907 832 1061 856 sacrum
1097 825 1193 858 ante
1226 825 1406 867 cryptam

206 878 406 915 turbastis.
457 876 562 914 Ecce
590 879 675 923 ipsa
703 880 815 914 venit
841 877 892 915 ad
921 878 1121 916 stabulum
1149 881 1332 926 petitque
1361 884 1407 917 ut

206 933 409 970 vobiscum
423 931 532 978 loqui
547 931 676 969 liceat.
721 932 857 971 Nolite
871 934 1105 979 perturbari.
1147 934 1234 972 Nec
1248 939 1406 972 accusat

207 1000 382 1025 errorem
400 992 578 1024 vestrum
597 1000 672 1024 nec
691 990 821 1034 punit,
836 991 957 1025 immo
976 991 1108 1035 potius
1127 991 1306 1036 miratur,
1320 992 1406 1036 quis

207 1043 306 1081 deus
321 1045 485 1080 iuvenes
500 1047 583 1079 tam
595 1043 765 1080 urbanos
778 1045 818 1079 in
831 1056 941 1080 suam
954 1046 1160 1089 regionem
1174 1044 1404 1082 detulerit.”

208 1098 451 1136 Tacentibus
470 1097 601 1134 adhuc
621 1098 734 1135 nobis
755 1102 798 1135 et
816 1098 866 1135 ad
887 1103 1072 1136 neutram
1090 1104 1247 1145 partem
1264 1099 1406 1137 adsen-

207 1156 402 1191 tationem
428 1152 683 1190 flectentibus
709 1155 872 1190 intravit
897 1155 992 1199 ipsa,
1013 1167 1093 1191 una
1118 1157 1306 1192 comitata
1331 1157 1407 1191 vir-

206 1211 314 1255 gine,
335 1207 558 1253 sedensque
579 1220 696 1253 super
715 1212 847 1244 torum
865 1221 1000 1245 meum
1019 1208 1087 1246 diu
1106 1208 1226 1246 flevit.
1275 1209 1335 1246 Ac
1354 1223 1406 1247 ne

208 1269 304 1301 tunc
317 1261 481 1309 quidem
495 1275 567 1299 nos
586 1262 712 1299 ullum
731 1262 947 1300 adiecimus
962 1264 1140 1310 verbum,
1155 1263 1227 1301 sed
1244 1267 1406 1302 attoniti

208 1320 504 1365 expectavimus
524 1316 703 1355 lacrimas
723 1317 774 1354 ad
800 1321 1112 1355 ostentationem
1131 1318 1277 1356 doloris
1295 1332 1406 1366 para-

209 1379 279 1411 tas.
318 1373 376 1411 Ut
395 1385 492 1419 ergo
510 1377 593 1410 tam
613 1373 843 1410 ambitiosus
863 1365 1080 1411 detumuit¹
1101 1374 1240 1420 imber,
1260 1377 1408 1412 retexit

208 1428 424 1475 superbum
452 1427 574 1474 pallio
593 1433 713 1474 caput
739 1433 782 1465 et
808 1428 989 1465 manibus
1009 1431 1116 1467 inter
1135 1441 1178 1466 se
1203 1442 1329 1475 usque
1355 1429 1406 1467 ad

207 1483 464 1520 articulorum
501 1485 715 1529 strepitum
756 1486 980 1520 constrictis
1019 1474 1262 1530 “Quaenam
1310 1485 1403 1522 est”

209 1541 341 1584 inquit
361 1529 493 1575 “haec
512 1538 689 1584 audacia,
715 1543 786 1575 aut
812 1538 880 1575 ubi
907 1538 1058 1575 fabulas
1079 1541 1201 1575 etiam
1226 1544 1406 1577 anteces-

208 1607 297 1631 sura
315 1593 523 1630 latrocinia
537 1593 755 1630 didicistis?
774 1595 963 1630 misereor
981 1593 1252 1631 mediusfidius
1266 1597 1408 1639 vestri;

209 1661 340 1694 neque
372 1650 480 1686 enim
510 1650 674 1694 impune
703 1650 910 1694 quisquam
939 1648 1046 1694 quod
1074 1661 1155 1685 non
1184 1648 1309 1694 licuit,
1337 1648 1407 1686 ad-

207 1706 348 1749 spexit.
402 1703 552 1748 Utique
581 1708 716 1740 nostra
744 1705 854 1749 regio
882 1707 966 1740 tam
991 1704 1266 1749 praesentibus
1288 1703 1408 1750 plena

207 1763 270 1796 est
289 1758 532 1804 numinibus,
548 1762 595 1795 ut
613 1757 766 1794 facilius
786 1760 910 1803 possis
925 1757 1046 1795 deum
1066 1771 1185 1804 quam
1204 1757 1406 1796 hominem

208 1815 398 1850 invenire.
430 1812 491 1849 Ac
510 1825 562 1849 ne
578 1825 643 1849 me
662 1815 813 1858 putetis
830 1812 991 1850 ultionis
1012 1826 1127 1850 causa
1146 1813 1224 1850 huc
1239 1816 1406 1860 venisse,

206 1872 341 1905 aetate
372 1869 498 1913 magis
532 1872 664 1904 vestra
697 1880 947 1904 commoveor
980 1881 1099 1914 quam
1130 1870 1273 1905 iniuria
1305 1881 1404 1906 mea.

210 1920 492 1968 Imprudentes
523 1924 644 1967 enim,
676 1927 722 1958 ut
753 1922 884 1959 adhuc
914 1927 1025 1968 puto,
1054 1922 1267 1960 admisistis
1296 1926 1407 1960 inex-

209 1976 353 2025 piabile
368 1976 507 2014 scelus.
542 1976 633 2023 Ipsa
653 1977 815 2022 quidem
835 1977 902 2014 illa
916 1982 1035 2015 nocte
1051 1982 1193 2015 vexata
1206 1982 1290 2015 tam
1303 1982 1406 2024 peri-

494 2095 506 2116 ¹
519 2098 691 2131 detumuit
707 2099 920 2132 Buecheler:
944 2099 1113 2133 detonuit.

317 2153 366 2187 25
