1534 2470
487 184 651 224 TITUS
682 183 994 224 PETRONIUS
1022 183 1264 225 ARBITER

268 263 447 303 vendas?
477 265 601 304 Vides
619 279 706 303 me:
729 279 806 304 nec
828 269 993 312 auguria
1011 269 1103 304 novi
1122 279 1199 305 nec
1217 265 1470 304 mathemati-

269 344 405 369 corum
418 332 572 370 caelum
585 346 721 370 curare
734 332 854 379 soleo,
869 346 918 371 ex
929 333 1105 371 vultibus
1116 338 1255 371 tamen
1265 332 1471 371 hominum

269 411 399 436 mores
427 399 584 446 colligo,
611 404 655 437 et
682 412 773 437 cum
802 403 1043 446 spatiantem
1067 399 1163 448 vidi,
1181 399 1279 447 quid
1302 390 1472 447 cogitet¹

269 467 359 504 scio.
412 465 502 505 Sive
515 479 611 513 ergo
626 467 740 504 nobis
754 466 893 505 vendis
906 466 1014 514 quod
1027 472 1138 515 peto,
1150 471 1348 505 mercator
1359 479 1472 514 para-

269 537 335 571 tus
361 538 436 579 est,
457 535 539 571 sive
566 533 674 580 quod
699 533 910 572 humanius
937 539 1012 580 est,
1032 533 1270 581 commodas,
1290 534 1400 572 effice
1425 538 1473 572 ut

269 600 508 638 beneficium
517 600 743 638 debeamus.
762 601 867 638 Nam
879 600 986 648 quod
998 614 1155 639 servum
1166 612 1210 639 te
1223 606 1266 639 et
1278 601 1472 639 humilem

270 667 421 714 fateris,
435 667 620 705 accendis
633 667 875 705 desiderium
886 670 1117 706 aestuantis.
1144 666 1352 715 Quaedam
1364 670 1471 706 enim

270 733 444 773 feminae
471 735 650 773 sordibus
674 735 820 782 calent,
839 748 915 773 nec
934 735 1143 773 libidinem
1161 737 1377 782 concitant,
1395 737 1472 773 nisi

269 807 341 840 aut
358 815 491 839 servos
510 801 686 840 viderint
703 807 774 839 aut
788 807 956 840 statores
970 802 1090 840 altius
1104 804 1265 840 cinctos.
1307 802 1472 840 Harena

269 869 364 907 alias
383 869 570 906 accendit
592 872 663 908 aut
688 868 871 916 perfusus
896 869 1060 916 pulvere
1088 869 1212 906 mulio
1234 874 1305 907 aut
1331 869 1471 907 histrio

269 945 435 971 scaenae
456 935 727 970 ostentatione
747 932 964 970 traductus.
1013 932 1074 970 Ex
1096 932 1171 971 hac
1189 938 1286 970 nota
1310 933 1471 971 domina

270 1002 333 1034 est
355 1009 470 1034 mea:
494 1009 619 1043 usque
642 996 693 1033 ab
719 996 922 1034 orchestra
951 996 1271 1043 quattuordecim
1298 995 1471 1034 transilit

269 1067 312 1101 et
330 1066 374 1100 in
393 1068 573 1100 extrema
591 1062 711 1110 plebe
731 1066 887 1109 quaerit
905 1062 1013 1109 quod
1031 1062 1212 1110 diligat.”

325 1129 467 1176 Itaque
488 1132 666 1167 oratione
686 1129 942 1167 blandissima
963 1129 1106 1176 plenus
1121 1120 1256 1176 “rogo
1268 1129 1290 1143 ’'
1306 1132 1469 1177 inquam

284 1187 504 1242 ‘numquid
523 1196 602 1242 illa,
623 1209 724 1242 quae
744 1209 809 1234 me
828 1201 948 1242 amat,
968 1201 1014 1233 tu
1035 1195 1138 1234 es?”
1188 1196 1365 1234 Multum
1382 1200 1470 1235 risit

268 1263 412 1302 ancilla
439 1268 531 1310 post
559 1268 644 1301 tam
677 1263 868 1309 frigidum
896 1263 1057 1301 schema
1085 1268 1128 1301 et
1156 1254 1308 1301 “nolo'’
1338 1267 1470 1311 inquit

269 1322 377 1368 “tibi
399 1335 483 1368 tam
502 1329 618 1367 valde
643 1329 810 1376 placeas.
870 1330 957 1376 Ego
979 1330 1110 1367 adhuc
1134 1343 1247 1368 servo
1264 1343 1468 1378 nunquam

268 1398 470 1444 succubui,
499 1410 574 1435 nec
603 1396 679 1434 hoc
716 1396 773 1434 dii
805 1399 950 1443 sinant,
982 1402 1030 1434 ut
1056 1397 1262 1444 amplexus
1289 1411 1399 1436 meos
1425 1401 1466 1435 in

269 1187 281 1206 C

268 1478 427 1503 crucem
445 1467 614 1501 mittam.
666 1463 852 1502 Viderint
869 1468 1087 1510 matronae,
1103 1477 1204 1510 quae
1223 1464 1467 1511 flagellorum

267 1534 435 1578 vestigia
454 1531 702 1576 osculantur3
722 1543 798 1577 ego
813 1533 934 1568 etiam
949 1533 982 1568 si
992 1530 1136 1568 ancilla
1149 1544 1249 1577 sum,
1263 1545 1467 1578 nunquam

267 1604 404 1636 tamen
437 1601 513 1635 nisi
544 1600 586 1634 in
615 1598 866 1643 equestribus
894 1597 1054 1635 sedeo.’'
1114 1598 1250 1635 Mirari
1279 1598 1466 1645 equidem

267 1670 351 1703 tam
381 1664 605 1702 discordem
633 1664 842 1702 libidinem
870 1667 984 1711 coepi
1014 1669 1135 1710 atque
1161 1667 1267 1702 inter
1290 1670 1466 1703 monstra

265 1745 489 1778 numerare,
516 1730 623 1777 quod
646 1731 790 1767 ancilla
817 1730 986 1768 haberet
1008 1736 1212 1769 matronae
1241 1732 1464 1778 superbiam

266 1803 310 1836 et
327 1803 509 1836 matrona
527 1797 695 1835 ancillae
715 1797 997 1835 humilitatem.

175 1865 246 1904 LO
266 1856 270 1910 Ι
322 1865 636 1902 Procedentibus
656 1864 804 1902 deinde
823 1864 980 1910 longius
1000 1867 1094 1902 iocis
1113 1867 1247 1910 rogavi
1265 1864 1459 1912 ancillam,

264 1937 311 1970 ut
329 1934 372 1969 in
391 1931 606 1978 platanona
620 1931 861 1977 perduceret
875 1931 1086 1968 dominam.
1139 1931 1292 1969 Placuit
1305 1931 1459 1978 puellae

264 1994 481 2033 consilium.
534 1994 676 2040 Itaque
697 1994 860 2040 collegit
879 1994 996 2032 altius
1017 1997 1193 2032 tunicam
1211 1994 1400 2042 flexitque
1419 2006 1461 2033 se

578 2073 592 2094 ²
602 2074 739 2117 cogitet
752 2074 944 2107 Burmann
954 2085 968 2107 :
989 2075 1140 2116 cogites.

374 2130 451 2168 278
