1534 2470
716 215 1060 255 FRAGMENTA

829 344 939 390 XII*

340 412 554 460 Fulgentius
583 413 714 452 ibidem
747 415 801 452 60
827 428 869 462 p.
900 414 1006 453 567:
1048 415 1264 455 Manubiae
1297 417 1485 456 dicuntur

282 482 519 515 ornamenta
552 491 703 524 regum.
766 478 885 517 Unde
916 483 960 516 et
992 478 1202 517 Petronius
1230 479 1395 518 Arbiter
1425 483 1484 520 ait

282 531 380 579 “tot
399 554 540 587 regum
561 541 772 579 manubiae
793 554 918 588 penes
937 541 1153 588 fugitivum
1171 543 1387 590 repertae”

827 631 958 675 XIII*

335 701 550 748 Fulgentius
562 701 693 738 ibidem
708 701 759 738 61
769 715 808 748 p.
827 702 881 738 56
885 702 910 739 7
912 715 925 738 .·
942 702 1177 740 Aumatium
1189 702 1336 740 dicitur
1348 702 1480 741 locum

278 770 478 803 secretum
517 764 721 811 publicum
759 767 863 802 sicut
899 767 942 802 in
979 764 1149 802 theatris
1181 770 1252 803 aut
1283 768 1327 803 in
1363 769 1477 804 circo.

280 827 401 866 Unde
428 833 471 866 et
502 827 712 865 Petronius
739 827 902 865 Arbiter
921 830 978 865 ait
998 818 1074 864 “in
1092 830 1311 866 aumatium
1329 833 1481 867 memet

277 894 405 938 ipsum
423 891 606 928 conieci''

825 945 924 982 XIV
1131 978 1138 987 .

332 1009 498 1046 Isidorus
512 1009 692 1055 originum
710 1008 746 1046 V
754 1009 820 1054 26,
837 1009 884 1047 7.-
907 1008 1032 1046 Dolus
1049 1013 1111 1046 est
1121 1011 1269 1047 mentis
1284 1009 1479 1048 calliditas

275 1074 326 1110 ab
349 1086 397 1111 eo
417 1072 522 1119 quod
547 1072 733 1109 deludat:
773 1072 881 1109 aliud
908 1075 1016 1109 enim
1041 1075 1138 1118 agit,
1167 1072 1276 1110 aliud
1303 1072 1473 1111 simulat.

277 1136 486 1174 Petronius
515 1135 633 1173 aliter
664 1137 867 1172 existimat
897 1135 1035 1172 dicens
1056 1126 1186 1181 “quid
1217 1140 1290 1181 est,
1310 1135 1474 1183 iudices,

273 1200 412 1237 dolus?
442 1199 641 1236 Nimirum
655 1199 724 1236 ubi
738 1198 889 1244 aliquid
900 1198 1051 1236 factum
1064 1203 1126 1236 est
1138 1198 1245 1245 quod
1255 1198 1338 1245 legi
1350 1198 1471 1237 dolet.

274 1263 447 1300 Habetis
466 1262 622 1300 dolum:
651 1264 820 1308 accipite
840 1274 947 1298 nunc
966 1261 1146 1299 malum”
1476 1268 1479 1271 ”

818 1357 894 1394 XV

330 1421 557 1459 Glossarium
577 1420 614 1458 S.
633 1419 827 1467 Dionysii:
852 1420 1043 1458 Petaurus
1062 1433 1190 1466 genus
1208 1419 1304 1458 ludi.
1337 1420 1473 1459 Petro-

272 1488 361 1523 nius
382 1476 662 1531 “petauroque
682 1484 848 1521 iubente
867 1483 987 1521 modo
1006 1483 1223 1530 superior.’'

819 1571 914 1609 XVI

327 1637 537 1676 Petronius
569 1626 697 1673 “satis
728 1639 931 1672 constaret
961 1647 1029 1672 eos
1058 1636 1135 1672 nisi
1161 1634 1371 1672 inclinatos
1389 1647 1470 1672 non
1526 1647 1529 1672 ς

270 1701 397 1738 solere
418 1702 587 1738 transire
607 1703 788 1745 cryptam
809 1697 1147 1744 Neapolitanam’'
1169 1711 1212 1734 ex
1227 1697 1409 1743 ghssario
1426 1696 1466 1735 S.
1495 1693 1529 1766 ιβ]

273 1763 454 1810 Dionysii.
1501 1762 1518 1815 ³}

818 1807 980 1852 XV11*¹
1501 1815 1522 1835 ἒ)-

278 1874 318 1911 In
340 1874 415 1911 alio
431 1872 615 1919 glossario
627 1887 640 1908 .-

380 1937 536 1983 Suppes
556 1937 801 1982 suppumpis,
821 1933 897 1970 hoc
917 1938 980 1971 est
998 1936 1149 1980 supinis
1167 1933 1343 1980 pedibus.

379 1999 523 2044 Tullia,
543 1998 675 2035 media
694 1997 757 2034 vel
778 1999 897 2042 regia.

324 2072 519 2113 ¹Wrongly
540 2069 739 2102 attributed
762 2073 800 2100 to
829 2067 1016 2099 Petronius
1042 2067 1090 2108 by
1115 2067 1284 2100 Pithoeus
1310 2067 1465 2109 through

267 2114 622 2155 misunderstanding
638 2123 660 2144 a
677 2112 855 2153 marginal
872 2114 954 2142 note
970 2111 1011 2142 of
1023 2110 1194 2152 Scaliger.

381 2169 458 2203 330
