1534 2470
463 226 664 265 LUCIUS
694 226 962 266 ANNAEUS
992 226 1204 267 SENECA

233 312 273 351 Is
305 313 434 351 multa
461 314 626 361 diserte,
659 314 766 361 quod
798 317 842 352 in
859 315 946 353 foro
979 316 1152 362 vivebat,
1182 316 1297 362 dixit,
1330 329 1432 363 quae

231 371 408 406 notarius
434 372 621 416 persequi
646 383 727 407 non
752 373 898 416 potuit,
925 375 969 408 et
993 370 1085 408 ideo
1109 384 1191 408 non
1217 371 1361 417 refero,
1379 384 1432 409 ne

231 423 318 461 aliis
348 424 478 461 verbis
508 437 666 471 ponam,
697 438 799 471 quae
824 426 875 462 ab
904 425 974 462 illo
1005 425 1114 463 dicta
1138 431 1243 463 sunt.
1301 426 1433 464 Multa

232 478 334 516 dixit
353 478 404 516 de
419 480 698 525 magnitudine
714 479 880 517 deorum
895 493 904 517 z
932 493 1014 517 non
1029 480 1177 518 debere
1191 481 1299 518 hunc
1313 481 1433 527 vulgo

231 533 317 571 dari
331 533 534 572 honorem.
594 525 619 542 “
632 534 741 573 Olim
753 535 775 548 ’¹
793 538 925 581 inquit
940 526 965 543 “
976 548 1121 581 magna
1134 548 1197 573 res
1212 540 1298 573 erat
1312 535 1432 574 deum

232 588 340 626 fieri:
368 591 447 626 iam
472 589 619 626 famam
643 592 810 627 mimum
834 590 995 628 fecistis.
1054 590 1196 636 Itaque
1221 603 1274 628 ne
1298 590 1435 629 videar

231 646 274 680 in
292 657 515 690 personam,
536 658 617 681 non
636 647 678 681 in
697 658 783 682 rem
801 644 935 683 dicere
950 648 1206 691 sententiam,
1222 658 1366 683 censeo
1379 659 1432 683 ne

232 701 319 744 quis
349 704 441 745 post
470 699 578 736 hunc
608 700 715 736 diem
747 699 846 737 deus
876 699 945 737 fiat
978 713 1027 737 ex
1060 699 1136 746 his,
1168 702 1237 746 qui
1270 699 1432 746 ἀρούρης

233 755 377 799 καρπὸν
402 753 561 800 ἔδουσιν,
587 760 658 791 aut
687 768 736 791 ex
767 754 841 800 his,
868 767 966 800 quos
990 754 1063 792 alit
1092 753 1254 801 ζείδωρος
1279 754 1430 801 ἄρουρα.

233 807 314 854 Qui
333 813 472 846 contra
491 809 567 846 hoc
586 814 747 847 senatus
767 809 994 846 consultum
1013 809 1111 847 deus
1139 809 1281 856 factus,
1301 809 1432 847 dictus

232 866 412 910 pictusve
443 866 532 909 erit,
567 877 659 901 eum
692 864 787 901 dedi
818 864 956 901 Laruis
987 869 1030 902 et
1058 867 1237 911 proximo
1266 877 1431 902 munere

231 920 339 955 inter
357 931 479 956 novos
497 924 721 956 auctoratos
740 919 877 957 ferulis
895 919 1081 965 vapulare
1100 919 1270 965 placet.''
1338 919 1430 956 Pro-

233 977 362 1010 ximus
386 976 656 1019 interrogatur
682 977 925 1011 sententiam
946 973 1150 1020 Diespiter
1168 974 1288 1012 Vicae
1309 973 1431 1012 Potae

232 1027 347 1074 filius,
368 1033 411 1065 et
433 1031 518 1074 ipse
545 1029 777 1074 designatus
802 1028 952 1074 consul,
979 1028 1328 1067 nummulariolus:
1354 1028 1431 1066 hoc

233 1088 400 1129 quaestu
421 1096 463 1120 se
483 1084 719 1130 sustinebat,
739 1084 913 1121 vendere
934 1083 1156 1121 civitatulas
1171 1084 1334 1121 solebat.
1365 1083 1431 1121 Ad

233 1137 340 1175 hunc
360 1137 466 1175 belle
485 1141 652 1176 accessit
673 1139 872 1176 Hercules
899 1143 942 1176 et
966 1138 1182 1176 auriculam
1201 1138 1260 1175 illi
1278 1141 1418 1184 tetigit

234 1193 382 1231 Censet
406 1195 542 1238 itaque
571 1196 613 1230 in
642 1193 741 1230 haec
760 1194 903 1230 verba:
933 1183 959 1200 “
972 1194 1071 1230 Cum
1102 1193 1214 1231 divus
1246 1193 1432 1231 Claudius

234 1253 277 1286 et
307 1248 443 1285 divum
473 1249 702 1292 Augustum
732 1251 925 1294 sanguine
956 1251 1164 1294 contingat
1193 1261 1268 1285 nec
1301 1251 1432 1286 minus

234 1303 367 1340 divam
397 1302 622 1348 Augustam
644 1306 772 1340 aviam
798 1316 922 1349 suam,
947 1316 1066 1349 quam
1092 1306 1178 1349 ipse
1203 1303 1320 1340 deam
1346 1315 1432 1341 esse

234 1361 361 1403 iussit,
380 1357 581 1404 longeque
607 1371 746 1395 omnes
771 1358 958 1395 mortales
985 1361 1178 1404 sapientia
1203 1357 1433 1404 antecellat,

235 1415 367 1458 sitque
401 1425 423 1449 e
456 1426 500 1450 re
533 1413 692 1459 publica
725 1426 810 1450 esse
843 1413 1017 1458 aliquem
1046 1415 1114 1458 qui
1144 1425 1235 1449 cum
1267 1412 1434 1449 Romulo

235 1470 361 1514 possit
406 1457 628 1504 ‘ferventia
676 1481 771 1514 rapa
815 1467 976 1513 vorare,’
1027 1480 1171 1504 censeo
1213 1469 1273 1504 uti
1321 1467 1434 1504 divus
1502 1479 1503 1482 ¹

215 1522 424 1578 'Claudius
456 1535 506 1559 ex
536 1522 611 1559 hac
642 1522 708 1559 die
739 1522 838 1559 deus
868 1525 933 1568 sit,
959 1525 1016 1559 ita
1044 1524 1102 1559 uti
1126 1526 1222 1559 ante
1247 1534 1340 1559 eum
1365 1524 1434 1567 qui

214 1584 216 1595 '
237 1580 388 1624 optimo
407 1579 492 1614 iure
513 1577 642 1614 factus
658 1580 724 1622 sit,
745 1590 912 1623 eamque
932 1590 1017 1614 rem
1036 1577 1087 1614 ad
1105 1576 1434 1622 metamorphosis

238 1632 359 1671 Ovidi
377 1632 667 1669 adiciendam.'’
726 1632 866 1669 Variae
887 1636 1002 1669 erant
1020 1634 1258 1677 sententiae,
1271 1635 1314 1668 et
1325 1631 1434 1669 vide-

275 1777 288 1797 ¹
302 1777 360 1809 No
369 1787 436 1809 one
447 1777 574 1808 knows
587 1777 683 1807 what
695 1777 766 1807 this
780 1777 911 1817 phrase
925 1777 1035 1816 really
1048 1785 1182 1807 means.
1230 1774 1305 1807 Cic.
1321 1775 1395 1807 Att.
1411 1776 1433 1815 i,

242 1819 306 1853 16¹³
331 1821 398 1852 has
418 1820 548 1861 fabam
574 1820 734 1856 mimum,
761 1819 875 1850 which
899 1819 1025 1850 makes
1048 1819 1074 1850 it
1102 1819 1208 1859 likely
1231 1819 1310 1857 that
1336 1819 1435 1850 there

237 1864 363 1896 should
381 1863 424 1894 be
441 1864 500 1894 the
515 1873 616 1893 same
632 1863 784 1903 reading
801 1863 883 1893 here
899 1874 908 1900 ;
931 1862 993 1893 but
1008 1871 1051 1893 as
1066 1862 1126 1893 the
1149 1862 1320 1902 meaning
1341 1862 1372 1893 is
1395 1871 1436 1893 so

238 1906 422 1939 uncertain
439 1907 465 1936 it
477 1916 593 1937 seems
610 1905 690 1936 best
706 1910 767 1936 not
782 1909 819 1936 to
834 1906 927 1936 alter
941 1905 1000 1936 the
1015 1908 1103 1936 text.

279 1948 293 1968 ²
306 1950 344 1981 11.
360 1949 405 1988 vi,
428 1959 486 1988 142
502 1948 573 1980 and
590 1949 692 1979 other
707 1949 869 1989 phrases.

280 1992 294 2012 ³
307 1993 392 2024 Part
405 1992 444 2023 of
454 1992 514 2022 the
525 1991 693 2032 training.

278 2035 526 2077 ⁴Apparently
541 2035 746 2066 sometimes
762 2033 942 2064 identified
958 2033 1042 2064 with
1061 2032 1173 2071 Pluto,
1194 2032 1272 2064 Dis.

280 2078 292 2098 ⁶
305 2079 337 2110 A
352 2078 538 2119 quotation
553 2077 644 2108 from
661 2087 758 2108 some
775 2077 952 2107 unknown
969 2080 1062 2117 poet.
1091 2075 1237 2108 Martial
1251 2074 1385 2116 speaks
1400 2073 1440 2107 οἳ

239 2122 409 2154 Romulus
423 2121 548 2162 eating
563 2120 712 2161 turnips,
732 2119 804 2158 xiii,
826 2119 874 2151 16.

352 2179 430 2218 390
