1534 2470
455 199 583 238 LUCI
589 199 656 238 US
686 199 952 239 ANNAEUS
982 200 1194 239 SENECA

223 282 284 320 Ex
318 283 384 319 his
420 294 524 319 unus
565 294 656 318 cum
694 280 860 319 vidisset
903 285 1035 328 capita
1080 281 1336 320 conferentes
1381 287 1426 320 et

224 348 402 385 fortunas
433 360 521 385 suas
552 347 809 394 deplorantes
840 348 1070 394 causidicos,
1094 347 1251 386 accedit
1280 353 1323 386 et
1347 351 1424 386 ait:

223 402 249 420 “
263 411 447 449 dicebam
466 411 597 448 vobis:
626 423 708 447 non
727 423 886 456 semper
904 410 1128 448 Saturnalia
1148 411 1306 449 erunt.”

278 473 466 512 Claudius
499 478 546 511 ut
573 473 675 510 vidit
705 472 824 510 funus
857 486 986 520 suum,
1016 473 1219 511 intellexit
1249 487 1292 512 se
1322 487 1424 511 mor-

223 542 338 575 tuum
358 549 456 574 esse.
517 536 682 582 Ingenti
701 549 794 574 eum
814 535 970 582 μεγάλῳ
991 541 1133 584 χορικῷ
1151 539 1272 574 nenia
1290 540 1425 574 canta-

223 601 340 639 batur
362 602 607 646 anapaestis:

406 665 433 682 “
446 675 477 711 F
479 674 621 712 undite
639 673 770 720 fletus,
790 673 900 711 edite
919 674 1116 721 planctus,

442 738 604 770 resonet
621 735 727 770 tristi
746 732 916 769 clamore
936 732 1085 770 forum:

444 792 592 829 cecidit
610 791 776 838 pulchre
797 791 980 829 cordatus
1000 791 1133 838 homo,

444 864 522 897 quo
541 863 623 887 non
642 850 741 887 alius
761 849 838 887 fuit
857 852 899 886 in
918 855 1005 888 toto

445 909 584 946 fortior
604 909 710 946 orbe.

445 967 520 1005 Ille
540 970 662 1004 citato
681 969 840 1004 vincere
860 979 976 1004 cursu

443 1031 602 1073 poterat
621 1025 784 1071 celeres,
803 1025 871 1062 ille
891 1025 1062 1063 rebelles

443 1085 613 1122 fundere
635 1083 800 1121 Parthos
819 1083 1051 1129 levibusque
1072 1086 1183 1130 sequi

445 1143 606 1181 Persida
624 1142 729 1187 telis,
748 1146 936 1188 certaque
955 1155 1075 1179 manu

442 1201 613 1240 tendere
632 1213 811 1246 nervum,
831 1202 900 1247 qui
918 1203 1157 1247 praecipites

444 1260 608 1298 vulnere
627 1271 747 1306 parvo
766 1258 908 1304 figeret
925 1258 1074 1305 hostes,

443 1322 629 1366 pictaque
650 1317 763 1355 Medi
781 1322 897 1363 terga
915 1317 1076 1362 fugacis.

444 1377 519 1415 Ille
539 1377 749 1414 Britannos
767 1375 873 1413 ultra
890 1378 976 1413 noti

442 1436 559 1474 litora
577 1437 691 1481 ponti

444 1500 487 1532 et
506 1493 707 1531 caeruleos
727 1497 839 1530 scuta
858 1491 1067 1538 Brigantas

442 1553 538 1591 dare
560 1551 760 1589 Romuleis
779 1550 880 1587 colla
900 1553 1051 1588 catenis

442 1614 557 1649 iussit
576 1615 619 1648 et
637 1612 766 1656 ipsum
785 1622 887 1646 nova
907 1609 1107 1646 Romanae

442 1673 528 1707 iura
546 1671 693 1706 securis
712 1673 885 1704 tremere
906 1667 1122 1705 Oceanum.

443 1727 602 1766 Deflete
622 1729 761 1771 virum,
782 1738 859 1771 quo
878 1738 958 1762 non
977 1725 1076 1762 alius

441 1789 574 1834 potuit
592 1787 709 1822 citius
728 1784 880 1821 discere
900 1796 1048 1829 causas,

440 1857 521 1882 una
538 1848 698 1881 tantum
717 1847 830 1888 parte
849 1841 998 1887 audita,

402 1908 411 1979 Ι
441 1915 560 1949 saepe
579 1915 632 1939 ne
650 1906 750 1938 utra.
810 1899 910 1946 Quis
929 1912 1036 1936 nunc
1055 1900 1175 1938 iudex

440 1966 528 1998 toto
547 1960 638 1997 lites
656 1959 794 1996 audiet
810 1958 939 1994 anno?

440 2019 537 2057 Tibi
555 2021 634 2055 iam
654 2017 773 2055 cedet
791 2016 886 2053 sede
906 2016 1058 2062 relicta,

440 2080 508 2125 qui
527 2077 598 2114 dat
616 2075 763 2122 populo
782 2077 867 2111 iura
889 2074 1036 2119 silenti,

332 2137 410 2177 898
