1534 2470
451 206 613 246 TITUS
645 207 956 249 PETRONIUS
985 209 1226 248 ARBITER

229 282 289 321 Tu
321 288 471 330 autem,
506 288 682 332 sterteia,
715 289 935 324 etiamnum
965 287 1119 334 ploras?
1161 290 1240 325 iam
1271 288 1434 334 curab0,

230 346 358 384 fatum
390 352 505 385 tuum
544 348 685 394 plores.
745 349 840 396 Sed,
877 355 924 388 ut
961 363 1170 397 coeperam
1207 350 1354 397 dicere,
1384 350 1436 388 ad

229 409 333 447 hanc
352 423 418 448 me
438 410 641 449 fortunam
661 411 869 458 frugalitas
887 426 978 451 mea
997 413 1195 460 perduxit.
1232 413 1332 451 Tam
1351 427 1434 451 ma-

230 487 333 520 gnus
365 487 415 511 ex
447 473 543 511 Asia
574 478 679 522 veni,
698 488 818 522 quam
847 475 913 513 hic
943 476 1204 514 candelabrus
1234 481 1307 515 est.
1366 475 1435 514 Ad

232 550 439 583 summam,
461 537 641 583 quotidie
661 551 726 576 me
747 539 923 576 solebam
946 539 998 577 ad
1022 539 1135 577 illum
1154 542 1300 586 metiri,
1321 544 1364 578 et
1389 544 1436 578 ut

232 600 401 638 celerius
420 605 593 638 rostrum
612 601 822 639 barbatum
849 601 1052 649 haberem,
1072 602 1183 640 labra
1202 603 1254 640 de
1272 602 1436 640 lucerna

231 664 442 710 ungebam.
470 663 622 701 Tamen
637 664 688 701 ad
704 664 865 702 delicias
887 656 1086 711 [femina]¹
1102 668 1233 712 ipsimi
1248 656 1434 712 [domini]

230 740 355 764 annos
371 727 692 773 quattuordecim
707 727 775 765 fui.
809 728 895 766 Nec
910 734 1028 775 turpe
1042 734 1116 775 est,
1130 729 1237 776 quod
1251 729 1434 766 dominus

231 791 354 828 iubet.
388 790 475 836 Ego
486 795 623 828 tamen
640 796 683 828 et
701 794 866 838 ipsimae
883 782 1102 838 [dominae]
1118 795 1212 830 satis
1228 791 1431 829 faciebam.

232 854 362 899 Scitis,
383 853 480 899 quid
509 853 659 890 dicam:
689 859 816 901 taceo,
837 858 929 901 quia
951 868 1032 892 non
1052 868 1140 892 sum
1163 855 1214 892 de
1240 855 1431 901 gloriosis.

232 918 434 962 Ceterum,
455 917 792 962 quemadmodum
818 917 859 954 di
878 917 1031 964 volunt,
1051 918 1236 955 dominus
1255 920 1298 955 in
1316 917 1435 956 domo

231 980 360 1018 factus
393 993 493 1026 sum,
521 985 564 1017 et
602 993 695 1017 ecce
727 983 815 1027 cepi
852 984 982 1027 ipsimi
1014 981 1266 1018 cerebellum.
1325 979 1434 1028 Quid

231 1043 384 1082 multa?
413 1042 654 1081 coheredem
673 1056 738 1081 me
766 1044 921 1081 Caesari
947 1044 1057 1090 fecit,
1078 1049 1121 1081 et
1148 1046 1284 1091 accepi
1312 1046 1433 1090 patri-

231 1109 410 1144 monium
438 1106 691 1143 laticlavium.
743 1107 906 1144 Nemini
935 1112 1073 1144 tamen
1102 1107 1202 1144 nihil
1234 1109 1328 1144 satis
1358 1111 1430 1144 est.

234 1171 450 1216 Concupivi
481 1172 688 1215 negotiari.
741 1169 803 1206 Ne
832 1169 970 1207 multis
996 1183 1064 1207 vos
1092 1183 1235 1216 morer,
1257 1172 1433 1216 quinque

232 1246 354 1271 naves
374 1232 591 1278 aedificavi,
612 1235 773 1270 oneravi
792 1235 1029 1270 vinum—et
1055 1238 1154 1270 tunc
1183 1238 1269 1270 erat
1297 1237 1435 1270 contra

231 1298 517 1334 aurum—misi
540 1295 714 1332 Romam.
749 1295 914 1333 Putares
928 1309 993 1333 me
1009 1296 1084 1333 hoc
1098 1299 1276 1333 iussisse:
1296 1308 1434 1333 omnes

231 1373 353 1397 naves
389 1357 691 1405 naufragarunt,
726 1358 890 1405 factum,
923 1372 1005 1396 non
1043 1359 1186 1396 fabula.
1238 1359 1330 1397 Uno
1367 1358 1434 1396 dje

234 1423 448 1469 Neptunus
486 1424 704 1459 trecenties
738 1425 968 1459 sestertium
1005 1422 1218 1459 devoravit.
1281 1421 1434 1459 Putatis

231 1499 297 1523 me
317 1485 537 1523 defecisse?
567 1485 659 1522 Non
684 1484 935 1522 mehercules
954 1487 1010 1522 mi
1037 1484 1136 1522 haec
1155 1487 1306 1522 iactura
1327 1486 1435 1530 gusti

230 1549 320 1595 fuit,
340 1553 532 1594 tanquam
552 1547 653 1584 nihil
673 1547 779 1585 facti.
821 1547 980 1585 Alteras
1001 1547 1078 1585 feci
1098 1550 1266 1585 maiores
1286 1552 1330 1585 et
1348 1560 1432 1584 me-

231 1612 350 1650 liores
379 1616 422 1649 et
452 1611 662 1657 feliciores,
691 1616 738 1648 ut
768 1624 887 1648 nemo
919 1624 1000 1648 non
1032 1624 1098 1648 me
1128 1613 1255 1647 virum
1287 1609 1434 1647 fortem

232 1675 396 1712 diceret.
456 1674 588 1720 Scitis,
618 1687 763 1719 magna
793 1677 902 1711 navis
936 1687 1121 1719 magnam
1152 1672 1433 1710 fortitudinem

230 1742 363 1779 habet.
426 1740 600 1778 Oneravi
628 1753 761 1777 rursus
780 1742 929 1786 vinum,
950 1740 1117 1786 lardum,
1138 1739 1283 1786 fabam,
1303 1738 1432 1785 sepla-

232 1811 346 1854 sium,
366 1809 572 1853 mancipia.
626 1807 718 1844 Hoc
737 1807 824 1843 loco
845 1807 1063 1844 Fortunata
1082 1819 1167 1843 rem
1186 1809 1294 1852 piam
1313 1805 1432 1849 fecit;

231 1888 349 1913 omne
384 1876 492 1911 enim
525 1886 665 1910 aurum
693 1886 820 1918 suum,
841 1876 974 1910 omnia
992 1876 1232 1911 vestimenta
1250 1871 1433 1910 vendidit

229 1948 273 1980 et
309 1944 364 1979 mi
403 1945 567 1978 centum
604 1953 743 1977 aureos
780 1942 823 1976 in
860 1953 980 1976 manu
1019 1942 1160 1986 posuit.
1222 1939 1314 1976 Hoc
1355 1938 1432 1975 fuit

230 2008 376 2056 peculii
414 2009 495 2044 mei
532 2006 786 2044 fermentum.
847 2006 935 2043 Cito
973 2006 1030 2052 fit,
1061 2005 1168 2052 quod
1205 2006 1246 2043 di
1279 2004 1429 2042 volunt.

342 2104 507 2143 ¹femina,
528 2103 672 2141 domini,
690 2103 856 2134 dominae
873 2102 1054 2134 bracketed
1066 2102 1109 2144 by
1120 2102 1319 2135 Buecheler.

340 2161 354 2192 1
366 2160 417 2193 50
