1534 2470
685 433 1030 473 FRAGMENTA

848 513 867 550 Ι

311 573 457 612 servius
488 574 539 612 aa
573 574 712 622 Vergili
738 575 828 614 Aen.
858 576 931 614 [Π
956 576 1035 614 57.-
1065 580 1150 615 auri
1178 591 1288 616 sacra
1310 569 1453 625 fames]
1483 600 1486 603 ⁴

256 650 364 675 sacra
383 637 425 675 id
445 643 507 676 est
527 639 771 677 execrabilis.
830 639 998 678 Tractus
1018 646 1081 679 est
1099 646 1236 679 autem
1254 655 1384 680 sermo
1403 655 1450 680 ex

255 713 364 738 more
397 700 614 739 Gallorum.
673 702 779 739 Nam
814 703 1083 742 Massilienses
1113 707 1300 751 quotiens
1328 707 1452 752 pesti-

254 763 380 801 lentia
413 764 660 811 laborabant,
693 778 796 803 unus
830 779 873 803 se
907 779 956 804 ex
990 767 1230 813 pauperibus
1260 767 1452 806 offerebat
1518 822 1520 826 y

254 827 422 865 alendus
441 840 547 865 anno
568 830 728 874 integro
751 829 920 875 publicis
943 829 1142 876 sumptibus
1165 835 1207 868 et
1229 831 1452 877 purioribus

255 891 362 928 cibis.
423 891 504 928 Hic
526 896 666 937 postea
688 897 850 929 ornatus
869 893 1053 930 verbenis
1077 897 1120 931 et
1138 894 1315 931 vestibus
1334 896 1452 932 sacris
1518 922 1519 926 ,

254 954 625 992 circumducebatur
644 967 716 1001 per
735 959 861 992 totam
882 958 1085 993 civitatem
1105 953 1196 994 cum
1216 959 1450 994 exsecratio—

254 1017 383 1063 nibus,
404 1022 450 1054 ut
475 1020 514 1054 in
543 1020 673 1064 ipsum
692 1018 922 1055 reciderent
940 1018 1044 1055 mala
1063 1022 1187 1056 totius
1206 1021 1390 1066 civitatis,
1409 1024 1452 1057 et

253 1083 309 1118 sic
327 1081 605 1128 proiciebatur.
666 1081 757 1118 Hoc
776 1086 913 1119 autem
931 1084 974 1118 in
995 1081 1182 1119 Petronio
1201 1082 1352 1120 lectum
1371 1087 1434 1121 est

835 1279 852 1315 Ι

307 1341 453 1380 Servius
471 1341 522 1379 ad
541 1341 680 1388 Vergili
698 1341 789 1380 Aen.
812 1279 901 1379 xil
915 1342 995 1379 159
1015 1342 1061 1380 de
1070 1341 1253 1390 feminino
1270 1343 1450 1381 nominum

253 1405 291 1442 in
316 1418 394 1443 ‘ron
419 1405 619 1443 exeuntium
635 1419 790 1452 genere:
821 1405 863 1443 Si
885 1411 1021 1443 autem
1043 1419 1067 1442 a
1085 1406 1206 1443 verbo
1228 1419 1309 1443 non
1328 1420 1448 1444 vene-

253 1471 348 1514 rint,
369 1471 593 1506 eommunia
612 1473 716 1506 sunt.
776 1468 880 1506 Nam
899 1468 1082 1506 similiter
1100 1473 1144 1506 et
1167 1469 1384 1506 masculina
1406 1474 1450 1507 et

253 1531 445 1569 feminina
464 1534 505 1568 in
525 1544 602 1568 'ron
623 1537 786 1577 exeunt,
806 1536 852 1568 ut
870 1531 936 1568 hic
956 1536 999 1569 et
1017 1531 1116 1569 haec
1135 1537 1307 1577 senator,
1321 1531 1387 1569 hic
1405 1537 1447 1570 et

252 1595 351 1633 haec
374 1595 594 1641 balneator,
615 1595 711 1632 licet
740 1595 948 1632 Petronius
978 1597 1225 1641 usurpaverit
1251 1585 1278 1602 “
1288 1594 1448 1633 balnea-

251 1662 393 1696 tricem
407 1658 428 1671 ’'
451 1659 588 1696 dicens

817 1849 880 1886 III

307 1915 514 1953 Pseudacro
545 1914 596 1952 ad
623 1914 763 1953 Horati
793 1915 898 1960 epod.
931 1915 971 1962 5,
1000 1915 1079 1961 48:
1110 1914 1273 1952 Canidia
1301 1914 1446 1952 rodens

249 1969 452 2026 pollicem]
501 1978 682 2015 habitum
729 1983 772 2015 et
819 1984 974 2016 motum
1021 1977 1207 2015 Canidiae
1252 1980 1446 2024 expressit

248 2042 428 2079 furentis.
467 2041 675 2078 Petronius
691 2046 737 2078 ut
750 2045 995 2079 monstraret
1006 2040 1221 2086 furentem,
1236 2030 1411 2086 “pollice
1419 2039 1443 2053 ”
1503 2060 1519 2080 ,3

247 2107 304 2143 ait
322 2095 481 2151 “usque
501 2103 553 2141 ad
572 2103 794 2150 periculum
813 2116 901 2141 roso
913 2103 935 2116 ”

358 2164 437 2196 324

1503 1871 1510 1883 ξ

1501 1883 1534 2058 ξ

1503 2113 1524 2155 ist

1500 2185 1530 2248 ἒ.

1500 2361 1522 2381 ,,
