1534 2470
445 182 607 221 TITUS
638 182 950 222 PETRONIUS
980 181 1218 220 ARBITER

226 265 451 309 surripuere
471 265 573 300 viros
594 267 834 309 exsectaque
854 265 1004 301 viscera
1022 261 1129 300 ferro

226 337 269 371 in
288 347 478 372 venerem
498 333 670 380 fregere,
691 339 814 381 atque
834 338 881 372 ut
900 334 996 380 fuga
1014 333 1159 371 nobih's
1178 335 1265 371 aevi

228 408 525 452 circumscripta
544 419 654 443 mora
673 411 934 453 properantes
953 405 1111 443 differat
1128 418 1266 451 annos,

229 480 386 525 quaerit
405 490 448 516 se
467 482 610 515 natura
629 491 705 516 nec
727 481 893 516 invenit.
954 477 1152 516 Omnibus
1172 489 1268 523 ergo

229 554 360 588 scorta
378 549 542 596 placent
561 549 756 595 fractique
777 551 912 587 enervi
933 561 1095 595 corpore
1114 560 1272 595 gressus

232 626 275 659 et
294 621 373 658 laxi
393 623 522 658 crines
543 626 586 658 et
604 626 667 658 tot
686 634 788 658 nova
807 623 969 658 nomina
988 622 1122 667 vestis,

231 706 414 740 quaeque
433 695 561 730 virum
582 697 790 738 quaerunt.
850 692 955 729 Ecce
976 691 1084 729 Afris
1104 696 1218 729 eruta
1235 693 1353 729 terris

232 767 357 802 citrea
375 777 514 801 mensa
532 776 677 810 greges
697 776 897 801 servorum
918 768 1149 809 ostrumque
1168 762 1369 808 renidens,

231 834 395 878 ponitur
412 844 458 867 ac
477 830 641 867 maculis
661 833 841 867 imitatur
860 820 991 867 vilius1
1011 842 1151 866 aurum

233 911 335 945 quae
347 910 508 935 sensum
520 897 663 934 trahat.
698 897 789 934 Hoc
804 896 940 934 sterile
955 909 1002 933 ac
1015 896 1119 933 male
1134 895 1269 933 nobile
1280 895 1434 941 lignan

234 966 353 1004 turba
371 965 529 1011 sepulta
547 977 658 1001 mero
679 967 827 1001 circum
846 966 970 1009 venit,
991 965 1202 1009 omniaque
1221 963 1327 1000 orbis
1382 965 1428 998 31

234 1035 410 1080 praemia
429 1023 640 1078 corruptis²
659 1031 773 1069 miles
793 1044 914 1076 vagus
935 1033 1058 1068 esurit
1075 1033 1203 1067 armis.

238 1100 451 1146 Ingeniosa
470 1099 564 1145 gula
584 1103 656 1136 est.
717 1098 849 1136 Siculo
869 1110 1000 1135 scarus
1019 1110 1191 1143 aequore
1209 1109 1361 1134 mersus

236 1167 287 1205 ad
307 1180 487 1204 mensam
507 1169 617 1203 vivus
637 1165 881 1212 perducitur,
902 1169 1023 1210 atque
1045 1163 1224 1201 Lucrinis

237 1238 351 1272 eruta
369 1233 551 1270 litoribus
571 1231 754 1269 vendunt
773 1230 980 1276 conchylia
1001 1243 1131 1276 cenas,

238 1306 285 1339 ut
304 1305 500 1338 renovent
520 1312 592 1346 per
611 1299 757 1336 damna
776 1297 934 1335 famem.
996 1296 1077 1333 Iam
1101 1296 1289 1334 Phasidos
1307 1295 1416 1334 unda

239 1369 378 1407 orbata
399 1372 462 1405 est
481 1368 630 1412 avibus,
651 1371 843 1411 mutoque
863 1368 906 1402 in
924 1364 1042 1402 litore
1061 1369 1221 1402 tantum

240 1435 346 1474 solae
367 1434 536 1472 desertis
556 1433 761 1479 adspirant
781 1431 987 1469 frondibus
1007 1443 1136 1468 aurae.

241 1504 328 1541 Nec
349 1505 477 1540 minor
496 1504 539 1538 in
559 1514 698 1547 campo
719 1500 826 1537 furor
846 1504 919 1545 est,
941 1501 1145 1545 emptique
1166 1497 1344 1544 Quirites

241 1570 293 1608 ad
312 1568 501 1616 praedam
521 1570 814 1613 strepitumque
834 1566 933 1603 lucri
953 1564 1135 1610 suffragia
1154 1569 1327 1602 vertunt.
1386 1568 1438 1601 40

242 1636 403 1674 Venalis
423 1634 605 1681 populus,
621 1633 771 1671 venalis
792 1634 899 1669 curia
917 1636 1088 1678 patrum,

243 1709 305 1742 est
324 1703 434 1740 favor
452 1705 494 1738 in
514 1703 654 1748 pretio.
687 1699 857 1737 Senibus
877 1711 1034 1744 quoque
1054 1698 1179 1735 libera
1196 1700 1320 1735 virtus

243 1769 460 1814 exciderat,
480 1770 702 1814 sparsisque
723 1766 862 1811 opibus
883 1777 1069 1801 conversa
1089 1768 1264 1810 potestas

242 1841 405 1884 ipsaque
425 1837 610 1871 maiestas
630 1845 724 1869 auro
744 1836 927 1876 corrupta
946 1831 1111 1868 iacebat.

245 1903 413 1941 Pellitur
430 1914 455 1938 a
474 1900 621 1947 populo
641 1902 768 1935 victus
789 1898 886 1934 Cato
897 1909 906 1941 ;
929 1899 1077 1934 tristior
1096 1896 1164 1934 isse
1185 1901 1260 1942 est,

286 1991 408 2022 ¹vilius
427 1988 645 2021 Gronovius:
667 1986 804 2017 vilibus.
852 1985 922 2016 For
942 1985 1101 2016 imitatur
1122 1995 1212 2016 some
1233 1983 1334 2015 MSS.
1356 1981 1442 2023 give

243 2038 410 2068 mutatur.

285 2076 485 2118 ’corruptis
500 2073 712 2106 Buecheler:
734 2070 916 2114 correptis.

353 2131 432 2165 254
