1500 2470
102 1941 153 1974 40

397 211 559 250 TITUS
588 212 902 252 PETRONIUS
931 213 1170 252 ARBITER

177 305 384 348 praeterea
403 300 561 347 durum,
587 300 763 339 frontem
782 302 1082 349 expudoratam,
1103 315 1268 341 cornum
1286 316 1378 342 acu-

176 378 275 411 tum.
336 372 500 410 Plurimi
519 372 596 410 hoc
615 375 731 419 signo
750 373 975 412 scholastici
991 380 1209 413 nascuntur
1223 380 1267 414 et
1279 378 1381 414 arie-

177 435 319 482 tilli.”1
379 443 604 481 Laudamus
623 444 895 482 urbanitatem
913 445 1215 491 mathematici3
1245 449 1381 493 itaque

178 516 350 553 adiecit:
384 505 412 523 “
425 515 573 553 deinde
603 519 714 553 totus
746 515 879 554 caelus
913 517 1093 555 taurulus
1123 517 1178 556 fit.
1238 517 1382 564 Itaque

179 593 277 626 tunc
307 587 502 624 calcitrosi
535 592 754 624 nascuntur
784 593 827 625 et
857 588 1020 626 bubulci
1053 593 1097 626 et
1130 591 1197 635 qui
1230 602 1274 627 se
1307 592 1383 636 ipsi

179 664 357 706 pascunt.
409 657 467 695 «ln
485 660 656 704 geminis
676 663 812 696 autem
831 664 1049 698 nascuntur
1067 660 1183 706 bigae
1204 665 1247 698 et
1262 661 1383 698 boves

180 736 224 769 et
249 731 350 768 colei
377 735 420 768 et
446 732 515 776 qui
541 735 731 776 utrosque
757 734 930 777 parietes
956 731 1099 769 linunt.
1166 732 1215 770 In
1240 745 1383 770 cancro

181 811 258 846 ego
279 803 398 835 natus
422 810 519 835 sum.
581 796 679 834 Ideo
702 797 839 835 multis
862 798 1031 844 pedibus
1054 804 1130 844 sto,
1154 804 1198 836 et
1219 802 1262 836 in
1284 802 1383 836 mari

181 871 224 904 et
242 869 284 903 in
298 870 406 903 terra
424 863 551 901 multa
571 864 754 910 possideo
769 877 778 908 ;
798 877 891 901 nam
910 877 1053 902 cancer
1073 870 1117 903 et
1134 865 1211 903 hoc
1230 871 1274 903 et
1291 865 1384 903 illoc

181 933 359 980 quadrat.
408 931 462 969 Et
485 931 577 968 ideo
596 933 673 968 iam
694 931 847 969 dudum
867 932 967 969 nihil
987 945 1106 979 super
1124 932 1238 970 illum
1257 935 1383 980 posui,

181 1013 235 1038 ne
259 1002 442 1046 genesim
467 1011 599 1035 meam
626 1011 861 1045 premerem.
922 998 971 1036 In
996 999 1113 1037 leone
1138 999 1383 1047 cataphagae

182 1072 400 1105 nascuntur
419 1070 462 1103 et
481 1068 681 1112 imperiosi
696 1077 706 1110 ;
725 1068 768 1102 in
787 1068 940 1111 virgine
961 1066 1147 1104 mulieres
1167 1071 1210 1104 et
1224 1066 1383 1112 fugitivi

182 1140 225 1172 et
247 1133 464 1180 compediti
481 1145 490 1176 ;
510 1135 552 1169 in
575 1131 674 1168 libra
699 1131 878 1169 laniones
898 1137 941 1169 et
959 1136 1213 1178 unguentarii
1234 1138 1277 1170 et
1295 1136 1377 1179 qui·

182 1213 340 1248 cunque
363 1199 513 1246 aliquid
539 1199 785 1245 expediunt3
810 1201 853 1235 in
882 1202 1088 1245 scorpione
1110 1203 1314 1237 venenarii
1339 1205 1383 1238 et

182 1279 432 1316 percussores
443 1279 452 1311 ;
467 1269 509 1303 in
521 1268 726 1311 sagittario
734 1265 954 1312 strabones,
964 1268 1032 1312 qui
1040 1265 1176 1304 holera
1183 1271 1382 1313 spectant,

181 1335 338 1373 lardum
356 1333 531 1378 tollunt;
550 1335 592 1370 in
616 1335 845 1379 capricomo
867 1335 1103 1379 aerumnosi,
1123 1333 1266 1379 quibus
1287 1346 1382 1381 prae

182 1402 286 1440 mala
305 1415 375 1439 sua
394 1413 540 1438 cornua
559 1404 800 1444 nascuntur3
820 1402 863 1436 in
882 1402 1043 1446 aquario
1062 1413 1234 1446 copones
1254 1405 1297 1438 et
1315 1414 1382 1438 cu-

182 1470 382 1513 curbitae3
420 1471 462 1505 in
492 1467 665 1514 piscibus
696 1467 952 1504 obsonatores
983 1470 1027 1504 et
1057 1466 1248 1505 rhetores.
1317 1467 1382 1505 Sic

182 1537 288 1574 orbis
314 1539 482 1573 vertitur
507 1540 699 1580 tanquam
724 1533 841 1580 mola,
865 1538 909 1570 et
934 1545 1092 1580 semper
1115 1533 1265 1580 aliquid
1288 1535 1380 1572 mali

182 1603 291 1648 facit,
319 1607 365 1640 ut
390 1601 572 1638 homines
597 1605 667 1638 aut
693 1604 906 1637 nascantur
931 1604 1001 1637 aut
1026 1604 1203 1646 pereant.
1262 1599 1380 1647 Quod

182 1675 319 1707 autem
337 1672 380 1705 in
398 1668 532 1705 medio
551 1669 768 1713 caespitem
790 1666 933 1703 videtis
957 1671 1000 1703 et
1022 1679 1140 1712 supra
1165 1669 1380 1713 caespitem

182 1736 329 1781 favum,
359 1734 460 1772 nihil
491 1738 576 1772 sine
607 1737 761 1771 ratione
792 1733 904 1770 facio.
962 1737 1069 1769 terra
1098 1738 1226 1770 mater
1251 1738 1313 1771 est
1338 1736 1380 1771 in

181 1803 315 1840 medio
338 1804 448 1848 quasi
472 1814 590 1838 ovum
613 1799 907 1845 corrotundata‚
932 1804 975 1836 et
997 1802 1130 1836 omnia
1152 1800 1254 1836 bona
1276 1802 1317 1836 in
1337 1812 1380 1838 se

181 1870 306 1907 habet
323 1874 514 1914 tanquam
533 1867 685 1905 favus.”

238 1926 429 1982 “Sophos
443 1935 465 1947 '’
494 1937 667 1971 universi
697 1932 912 1970 clamamus
939 1937 982 1970 et
1008 1932 1173 1970 sublatis
1199 1933 1381 1970 manibus

181 2003 232 2039 ad
263 2014 459 2038 cameram
488 2003 661 2037 iuramus
692 1998 970 2046 Hipparchum
996 1998 1244 2044 Aratumque
1274 2011 1379 2035 com-

481 2093 492 2112 ¹
503 2095 643 2127 arietilli
659 2095 859 2127 Heinsius:
885 2095 988 2127 arieti
1005 2095 1062 2126 ini.

289 2155 345 2195 62
