1534 2470
450 190 612 229 TITUS
646 190 957 230 PETRONIUS
986 190 1226 228 ARBITER

234 273 316 317 ipse
335 270 434 307 mihi
457 273 603 308 asciam
626 274 670 308 in
696 252 784 309 erlis
810 274 971 318 impegi.
1034 271 1172 318 Recte,
1192 273 1350 318 curab0,
1367 284 1434 311 me

232 337 432 383 unguibus
452 350 628 384 quaeras.
690 337 744 375 Et
763 343 808 375 ut
827 337 1196 385 depraesentiarum
1221 338 1436 385 intelligas,

233 403 329 450 quId
344 404 418 441 tibi
434 403 596 442 feceris:
614 405 818 451 Habinna,
833 405 940 451 nolo,
955 410 1127 443 statuam
1142 407 1227 443 eius
1240 407 1283 442 in
1296 418 1437 444 monu-

232 476 372 508 mento
391 484 483 508 meo
503 484 640 518 ponas,
660 485 713 508 ne
733 477 913 509 mortuus
940 472 1104 519 quidem
1134 472 1227 510 lites
1254 471 1434 510 habeam.

236 537 378 584 Immo,
397 542 444 575 ut
470 540 570 576 sciat
594 551 660 575 me
686 551 801 585 posse
821 538 970 576 malum
989 538 1098 585 dare,
1117 538 1222 585 nolo,
1241 551 1309 576 me
1333 551 1437 576 mor-

234 610 349 642 tuum
368 604 535 642 basiet.'’

154 675 204 713 75
294 671 388 709 Post
416 671 492 709 hoc
522 671 675 710 fulmen
710 674 920 711 Habinnas
949 685 1088 719 rogare
1117 675 1263 719 coepit,
1285 677 1334 710 ut
1359 674 1438 709 iam

146 739 226 776 HL
240 738 445 776 desineret
473 741 587 776 irasci
618 745 661 777 et
695 732 699 784 Ι
733 731 927 777 “Nemo'’
961 742 1092 786 inquit
1121 730 1333 777 “nostrum
1358 751 1441 776 non

174 806 220 843 H
237 810 388 853 peccat.
423 806 621 844 Homines
636 819 783 852 sumus,
799 820 879 844 non
895 807 999 844 dei.”
1032 797 1038 852 Ι
1071 806 1186 844 Idem
1201 811 1244 844 et
1259 805 1441 844 Scintilla

237 873 335 910 flens
366 872 468 910 dixit
497 885 543 909 ac
582 885 654 919 per
691 875 855 918 genium
894 876 978 911 eius
1019 873 1163 911 Gaium
1201 872 1442 919 appellando

238 952 378 985 rogare
391 941 539 985 coepit,
554 944 600 976 ut
615 952 657 976 se
671 933 905 985 frangeret.¹
946 940 1036 976 Non
1057 941 1191 977 tenuit
1209 939 1314 977 ultra
1327 939 1440 976 lacri-

238 1020 322 1044 mas
337 1006 578 1043 Trimalchio
593 1011 636 1043 et
652 997 676 1014 “
690 1007 798 1052 Rogo
808 1006 830 1019 ’'
848 1009 978 1052 inquit
994 997 1019 1014 “
1029 1006 1231 1052 Habinna,
1246 1008 1302 1044 sic
1320 1019 1441 1053 pecu-

238 1074 335 1110 lium
350 1078 467 1110 tuum
483 1072 730 1110 fruniscaris:
751 1075 782 1110 si
798 1073 894 1118 quid
914 1085 1123 1120 perperam
1138 1072 1229 1119 feci,
1241 1075 1285 1110 in
1298 1072 1440 1110 faciem

238 1153 370 1177 meam
399 1142 551 1186 inspue.
616 1139 786 1176 Puerum
826 1139 971 1177 basiavi
1009 1139 1329 1186 frugalissimum,
1359 1152 1441 1176 non

240 1211 404 1254 propter
438 1205 619 1252 formam,
650 1205 721 1243 sed
755 1209 847 1252 quia
881 1205 986 1251 frugi
1019 1211 1101 1244 est:
1133 1205 1276 1244 decem
1307 1211 1442 1253 partes

240 1273 352 1318 dicit,
370 1272 518 1310 librum
543 1272 594 1309 ab
620 1271 735 1309 oculo
763 1272 876 1318 legit,
896 1272 1119 1310 thraecium
1138 1273 1213 1310 sibi
1237 1271 1290 1311 de
1309 1272 1442 1310 diariis

240 1339 350 1383 fecit,
370 1338 611 1376 arcisellium
630 1337 682 1375 de
702 1351 773 1375 suo
793 1341 946 1384 paravit
966 1343 1009 1376 et
1033 1338 1132 1376 duas
1150 1337 1299 1376 trullas.
1350 1338 1442 1375 Non

241 1410 304 1444 est
323 1405 468 1451 dignus
484 1418 605 1451 quem
621 1407 662 1441 in
678 1404 800 1442 oculis
816 1404 966 1442 feram?
996 1404 1067 1443 sed
1087 1404 1306 1442 Fortunata
1318 1410 1439 1442 vetat.

242 1471 307 1510 Ita
323 1472 399 1509 tibi
414 1471 587 1517 videtur,
603 1470 844 1517 fuicipedia?
874 1471 1035 1518 suadeo,
1047 1472 1196 1509 bonum
1215 1476 1330 1508 tuum
1350 1484 1442 1508 con-

241 1551 401 1585 coquas,
419 1538 554 1584 milva,
575 1543 619 1576 et
644 1550 709 1575 me
729 1551 810 1575 non
841 1537 960 1575 facias
986 1540 1228 1584 ringentem,
1247 1540 1442 1576 amasiun-

241 1605 350 1643 cula:
379 1604 555 1651 alioquin
575 1607 789 1651 experieris
809 1605 1017 1642 cerebrum
1035 1617 1180 1642 meum.
1222 1604 1339 1642 Nosti
1356 1617 1442 1642 me:

242 1671 348 1718 quod
377 1671 501 1709 semel
531 1670 740 1717 destinavi,
761 1671 871 1708 clavo
896 1671 1066 1709 tabulari
1091 1670 1212 1709 fixum
1231 1676 1304 1709 est.
1362 1671 1442 1710 Sed

242 1741 420 1776 vivorum
438 1740 748 1775 meminerimus.
787 1737 865 1775 Vos
883 1751 994 1784 rogo,
1013 1740 1142 1784 amici,
1161 1743 1208 1775 ut
1226 1738 1336 1776 vobis
1355 1751 1442 1776 sua-

241 1808 345 1843 viter
360 1808 422 1843 sit.
455 1805 559 1842 Nam
579 1817 656 1850 ego
676 1817 835 1851 quoque
850 1809 934 1841 tam
954 1804 1011 1842 fui
1031 1817 1150 1850 quam
1164 1817 1232 1842 vos
1247 1806 1356 1851 estis,
1371 1804 1443 1842 sed

242 1870 391 1906 virtute
410 1880 501 1905 mea
519 1867 572 1905 ad
599 1867 675 1904 hoc
696 1870 871 1914 perveni.
924 1867 1135 1905 Corcillum
1156 1872 1219 1905 est
1237 1866 1344 1914 quod
1371 1867 1442 1904 ho-

241 1934 370 1968 mines
408 1930 517 1977 facit,
550 1935 686 1968 cetera
722 1930 933 1976 quisquilia
969 1933 1111 1967 omnia.
1176 1920 1306 1967 ‘Bene
1339 1943 1442 1976 emo,

244 1994 348 2032 bene
363 1993 536 2039 vendo'3
555 1993 655 2031 alius
670 1993 746 2030 alia
760 1993 871 2031 vobis
890 1993 1008 2031 dicet.
1057 1993 1266 2031 Felicitate
1280 1992 1438 2030 dissilio.

471 2082 532 2114 'se
547 2081 733 2122 frangeret
751 2081 946 2118 Heinsius:
967 2081 1196 2122 effrangeret.

358 2138 371 2170 1
381 2137 431 2170 48
