1500 2470
128 1856 178 1889 32

428 201 590 240 TITUS
622 202 933 243 PETRONIUS
962 203 1202 242 ARBITER

208 281 386 327 clinium‚
425 284 597 319 occurrit
634 283 749 321 nobis
786 283 855 321 ille
893 284 1001 322 idem
1039 298 1187 332 servus,
1225 298 1297 332 pro
1333 299 1412 332 quo

208 357 499 391 rogaveramuS,
521 350 564 383 et
583 347 838 392 stupentibus
858 350 1091 394 spississima
1113 348 1222 386 basia
1244 351 1414 396 impegit

207 411 354 454 gratias
391 422 515 454 agens
553 408 794 447 humanitati
832 416 1002 448 nostrae.
1069 402 1169 449 “Ad
1206 425 1413 458 summam,

209 474 345 508 statim
364 473 529 509 scietis''
552 475 609 509 ait
629 463 726 510 “cui
746 473 939 511 dederitis
959 474 1207 512 beneficium.
1266 475 1413 513 Vinum

209 534 453 572 dominicum
473 537 750 572 ministratoris
769 539 898 581 gratia
917 537 1010 574 est’'
1034 566 1041 574 .
1065 566 1073 574 .
1097 566 1104 574 .

267 597 449 635 Tandem
501 611 596 643 ergo
647 598 918 637 discubuimus
961 604 1093 647 pueris
1133 600 1414 638 Alexandrinis

209 674 353 707 aquam
372 663 414 697 in
434 675 574 698 manus
594 664 770 699 nivatam
793 662 1099 701 infundentibus
1122 663 1286 710 aliisque
1309 667 1413 702 inse-

210 725 427 771 quentibus
452 724 503 762 ad
527 725 651 771 pedes
674 739 720 762 ac
748 727 990 773 paronychia
1018 740 1108 764 cum
1137 730 1294 773 ingenti
1322 727 1413 765 sub-

211 788 359 825 tilitate
379 787 625 826 tollentibus.
677 788 737 826 Ae
753 803 804 827 ne
819 792 861 827 in
877 790 952 827 hoc
968 790 1131 836 quidem
1147 795 1231 827 tam
1245 790 1414 828 molesto

211 847 401 884 tacebant
426 847 564 893 officio,
591 847 663 885 sed
689 848 820 885 obiter
846 849 1071 886 cantabant.
1131 849 1219 895 Ego
1243 851 1414 896 experiri

212 906 332 952 volui,
354 919 406 942 an
434 911 520 943 tota
549 906 697 943 familia
726 912 919 953 cantaret,
948 910 1083 954 itaque
1111 911 1316 954 potionem
1345 921 1413 954 po—

213 967 330 1012 posci.
382 965 654 1002 Paratissimus
674 979 773 1012 puer
792 979 873 1003 non
893 969 1023 1004 minus
1042 979 1107 1004 me
1126 966 1240 1004 acido
1259 969 1414 1004 cantico

212 1027 385 1070 excepit,
406 1029 450 1061 et
468 1027 644 1070 quisquis
663 1025 814 1071 aliquid
834 1030 994 1071 rogatus
1015 1030 1101 1063 erat
1119 1030 1166 1062 ut
1185 1024 1300 1063 daret
1319 1055 1327 1063 .
1351 1054 1358 1062 .
1383 1054 1391 1062 .

212 1086 447 1130 pantomimi
468 1083 645 1129 chorum,
660 1097 742 1120 non
762 1087 884 1130 patris
904 1084 1076 1121 familiae
1095 1083 1312 1121 triclinium
1328 1097 1411 1121 cre-

212 1143 338 1180 deres.
398 1141 534 1179 Allata
562 1147 624 1179 est
652 1147 788 1179 tamen
816 1145 991 1188 gustatio
1019 1142 1135 1180 valde
1162 1142 1290 1187 lauta3
1318 1155 1410 1179 nam

211 1205 290 1239 iam
305 1214 443 1238 omnes
458 1200 742 1238 discubuerant
753 1206 911 1247 praeter
923 1203 1052 1247 ipsum
1064 1200 1411 1247 Trimalchionem,

213 1263 276 1298 cui
298 1260 408 1296 locus
432 1273 534 1296 novo
557 1273 666 1296 more
690 1262 839 1306 primus
862 1260 1102 1297 servabatur.
1162 1260 1351 1297 Ceterum
1369 1262 1411 1296 in

212 1319 487 1367 promulsidari
506 1318 651 1356 asellus
670 1323 756 1355 erat
775 1318 1002 1356 Corinthius
1022 1332 1113 1356 cum
1127 1319 1295 1356 bisaccio
1309 1321 1412 1365 posi-

211 1384 290 1424 tus,
311 1381 378 1424 qui
398 1377 573 1415 habebat
593 1378 713 1415 olivas
732 1380 774 1414 in
797 1378 923 1415 altera
945 1382 1058 1424 parte
1081 1377 1202 1423 albas,
1223 1380 1265 1414 in
1287 1377 1413 1415 altera

211 1441 355 1483 nigras.
413 1436 625 1482 Tegebant
657 1436 824 1474 asellum
857 1436 959 1474 duae
992 1436 1138 1482 lances,
1172 1439 1214 1473 in
1247 1449 1412 1482 quarum

210 1496 454 1542 marginibus
483 1509 631 1532 nomen
663 1495 965 1532 Trimalchionis
993 1497 1227 1541 inscriptum
1256 1499 1342 1531 erat
1369 1498 1413 1532 et

210 1557 367 1602 argenti
388 1554 553 1601 pondus.
615 1554 813 1591 Ponticuli
832 1557 954 1591 etiam
973 1553 1222 1591 ferruminati
1241 1555 1411 1590 sustine-

211 1615 309 1652 bant
336 1614 456 1660 glires
485 1613 605 1650 melle
634 1626 679 1650 ac
708 1626 904 1659 papavere
933 1624 1095 1659 sparsos.
1161 1611 1340 1648 Fuerunt
1368 1616 1412 1648 et

210 1673 408 1712 tomacula
428 1685 547 1719 super
566 1672 795 1709 craticulam
810 1676 1042 1717 argenteam
1058 1670 1255 1708 ferventia
1268 1672 1409 1716 posita,

210 1738 253 1771 et
271 1732 374 1769 infra
397 1731 627 1769 craticulam
651 1731 810 1777 Syriaca
835 1743 962 1776 pruna
990 1743 1080 1767 cum
1108 1732 1241 1776 granis
1271 1729 1408 1766 Punici

208 1791 313 1829 mali.

265 1850 313 1887 In
346 1849 407 1886 his
441 1862 596 1886 eramus
629 1848 808 1894 lautitiis,
842 1860 932 1884 cum
965 1849 1050 1893 ipse
1083 1846 1322 1883 Trimalchio
1358 1844 1410 1883 ad

208 1909 485 1956 symphoniam
522 1907 665 1944 allatus
703 1911 765 1945 est
802 1908 1032 1952 positusque
1066 1908 1172 1942 inter
1205 1903 1409 1942 cervicalia

206 1970 471 2006 minutissima
505 1968 700 2012 expressit
736 1964 1056 2011 imprudentibus
1093 1967 1224 2001 risum.
1285 1962 1408 2000 Pallio

207 2030 316 2065 enim
335 2029 521 2063 coccineo
536 2025 718 2061 adrasum
731 2023 954 2060 excluserat
973 2027 1093 2069 caput
1112 2025 1292 2068 circaque
1313 2033 1406 2058 one-

206 2091 311 2124 ratas
351 2090 462 2123 veste
504 2086 676 2121 cervices
705 2082 944 2120 laticlaviam
977 2077 1195 2119 immiserat
1221 2091 1406 2127 mappam

316 2146 368 2186 46
