1534 2470
502 199 705 239 LUCIUS
735 200 1000 242 ANNAEUS
1029 201 1241 243 SENECA

266 277 453 316 Claudius
477 279 630 325 gaudet
655 293 742 318 esse
767 281 849 319 illic
871 282 1094 329 philologos
1118 283 1313 331 homines,
1336 289 1471 332 sperat

265 356 446 395 futurum
465 358 639 405 aliquem
659 360 832 399 historiis
851 365 931 399 suis
951 362 1093 400 locum.
1154 363 1296 411 Itaque
1316 369 1360 403 et
1377 367 1464 412 ipse
1528 405 1534 414 ,

268 437 484 475 Homerico
503 452 618 493 versu
639 440 848 478 Caesarem
866 454 909 479 se
929 455 1015 480 esse
1035 445 1260 490 significans
1278 447 1361 483 ait:

315 541 480 581 Ἰλιόθεν
499 559 544 589 με
564 542 685 590 φέρων
705 544 835 591 ἄνεμος
855 545 1064 584 Κικόνεσσι
1083 546 1287 587 πέλασσεν.

266 646 363 684 Erat
381 653 517 685 autem
537 661 708 695 sequens
728 662 863 688 versus
882 653 1023 698 verior,
1042 664 1170 698 aeque
1192 653 1452 692 Homericus:

334 751 423 790 ἔνθα
462 752 491 790 δ’
515 751 586 798 ἐγὼ
605 752 723 791 πόλιν
742 753 917 800 ἔπραθον,
940 755 1066 793 ὤλεσα
1085 756 1115 793 δ’
1137 754 1280 798 αὐτούς.

211 855 234 894 6
265 857 319 894 Et
345 860 589 904 imposuerat
616 858 785 895 Herculi
804 862 969 897 minime
989 860 1111 906 vafro,
1131 864 1207 898 nisi
1226 861 1367 899 fuisset
1385 862 1467 900 illic

264 937 414 983 Febris,
439 950 540 983 quae
567 938 660 975 fano
688 951 759 975 suo
788 939 928 976 relicto
957 939 1038 976 sola
1067 953 1158 977 cum
1185 940 1254 978 illo
1277 946 1464 979 venerat:

263 1022 416 1055 ceteros
436 1031 574 1056 omnes
595 1018 690 1056 deos
713 1019 859 1056 Romae
879 1019 1105 1066 reliquerat.
1155 1011 1276 1058 “Iste
1290 1020 1313 1034 ’'
1333 1023 1463 1068 inquit

262 1088 288 1105 “
299 1111 409 1135 mera
427 1098 636 1135 mendacia
654 1104 797 1136 narrat.
849 1099 935 1144 Ego
954 1100 1028 1136 tibi
1047 1099 1148 1144 dico,
1165 1112 1266 1145 quae
1285 1113 1376 1138 cum
1394 1100 1462 1138 illo

260 1182 323 1214 tot
341 1180 455 1214 annis
475 1180 554 1214 vixi
570 1191 578 1214 :
609 1177 824 1223 Luguduni
843 1183 960 1215 natus
980 1183 1055 1223 est,
1077 1179 1201 1216 Marci
1220 1182 1461 1226 municipem

234 1294 241 1314 4
260 1257 382 1294 vides.
441 1256 560 1303 Quod
581 1258 654 1294 tibi
674 1271 803 1303 narro,
822 1257 874 1295 ad
893 1263 1051 1295 sextum
1070 1258 1270 1296 decimum
1287 1258 1461 1306 lapidem

234 1348 238 1390 f
259 1342 377 1375 natus
406 1342 468 1375 est
493 1350 516 1374 a
542 1337 710 1383 Vienna,
739 1337 877 1375 Gallus
905 1350 1128 1383 germanus.
1188 1337 1330 1384 Itaque
1356 1339 1461 1385 quod

230 1451 233 1461 ,,
261 1417 423 1455 Gallum
451 1417 582 1455 facere
612 1418 836 1464 oportebat,
866 1417 1029 1454 Romam
1058 1420 1175 1464 cepit.
1236 1418 1359 1455 Hunc
1385 1431 1460 1465 ego

258 1498 333 1534 tibi
349 1500 497 1543 recipio
513 1496 729 1543 Luguduni
748 1502 901 1542 natum,
917 1497 985 1534 ubi
1000 1489 1182 1534 Licinusl
1197 1497 1333 1535 multis
1346 1501 1459 1536 annis

257 1579 451 1622 regnavit.
492 1576 553 1614 Tu
569 1581 718 1622 autem,
731 1579 798 1623 qui
815 1576 928 1622 plura
946 1576 1032 1612 loca
1047 1575 1206 1613 calcasti
1221 1589 1339 1622 quam
1354 1577 1457 1616 ullus

258 1656 380 1694 mulio
417 1659 707 1703 perpetuarius,
741 1655 1060 1701 Lugudunenses
1093 1658 1192 1692 scire
1223 1655 1359 1701 debes,
1386 1661 1429 1694 et
1441 1650 1456 1674 ²

255 1735 383 1773 multa
401 1736 511 1772 milia
533 1738 640 1773 inter
663 1734 871 1772 Xanthum
895 1739 938 1771 et
963 1733 1199 1771 Rhodanum
1222 1735 1453 1773 interesse.”

255 1815 523 1854 Excandescit
547 1814 623 1853 hoc
648 1815 736 1852 loco
760 1813 946 1851 Claudius
967 1818 1009 1851 et
1028 1818 1178 1859 quanto
1197 1818 1331 1859 potest
1349 1828 1454 1852 mur-

254 1908 366 1933 mure
385 1898 575 1932 irascitur.
637 1893 745 1940 Quid
766 1893 931 1938 diceret,
952 1905 1071 1930 nemo
1090 1892 1366 1938 intellegebat,
1385 1893 1452 1931 ille

252 1980 387 2012 autem
413 1974 571 2012 Febrim
592 1974 682 2010 duci
707 1973 883 2017 iubebat,
903 1971 972 2009 illo
994 1976 1111 2018 gestu
1139 1970 1291 2009 solutae
1314 1985 1450 2010 manus

296 2046 304 2065 ¹
315 2046 504 2078 Buecheler
520 2046 660 2077 Licinus
667 2046 732 2087 for
747 2044 911 2075 Licinius.

294 2088 504 2122 ²Buecheler
510 2090 613 2121 omits
623 2093 657 2120 et
668 2087 753 2119 with
759 2098 821 2119 one
826 2087 904 2118 MS.
914 2086 991 2118 and
997 2085 1148 2118 brackets
1154 2086 1444 2127 Lugudunenses.

361 2144 438 2178 382
