1534 2470
421 185 583 225 TITUS
614 187 926 228 PETRONIUS
955 189 1194 228 ARBITER

201 263 344 311 Itaque
359 266 512 312 vigiles,
528 270 597 313 qui
611 268 892 307 custodiebant
906 272 1076 307 vicinam
1095 274 1314 317 regionem,
1327 276 1403 310 rati

199 322 340 361 ardere
384 323 690 364 Trimalchionis
735 326 911 374 domum,
957 327 1202 374 effregerunt
1245 332 1404 367 ianuam

200 382 333 420 subito
352 387 395 420 et
414 396 506 420 cum
525 397 627 430 aqua
650 386 933 433 securibusque
958 386 1196 425 tumultuari
1222 401 1293 425 suo
1318 390 1404 426 iure

201 447 431 488 coeperunt.
498 443 580 480 Nos
611 447 858 482 occasionem
888 449 1263 493 opportunissimam
1295 449 1402 484 nacti

201 499 496 545 Agamemnoni
529 502 651 540 verba
683 503 867 541 dedimus
900 507 1126 551 raptimque
1163 510 1247 543 tam
1284 505 1404 552 plane

201 571 322 605 quam
341 573 390 597 ex
410 561 597 598 incendio
617 561 800 608 fugimus.

121 620 172 660 79
202 616 237 654 L
267 609 272 663 Ι
305 618 448 665 Neque
465 618 530 656 fax
546 619 629 657 ulla
642 623 683 657 in
698 620 896 667 praesidio
911 627 1010 668 erat,
1026 635 1128 668 quae
1140 625 1218 660 iter
1230 625 1404 669 aperiret

201 677 438 723 errantibus,
453 690 529 715 nec
549 678 754 716 silentium
772 682 903 717 noctis
921 682 1000 717 iam
1018 680 1176 718 mediae
1194 683 1403 727 promitte-

202 735 272 772 bat
290 739 586 774 occurrentium
603 737 752 775 lumen.
812 739 1047 777 Accedebat
1071 739 1150 777 huc
1169 740 1342 778 ebrietas
1361 744 1405 777 et

202 794 474 840 imprudentia
486 794 664 833 locorum
679 800 801 835 etiam
813 798 989 836 interdiu
1001 792 1217 836 obfutura.1
1261 799 1404 845 Itaque

203 866 294 890 cum
314 853 411 892 hora
429 868 559 901 paene
578 860 666 893 tota
684 869 757 902 per
776 870 914 894 omnes
929 870 1089 903 scrupos
1102 863 1404 904 gastrarumque

203 915 468 950 eminentium
501 913 728 960 fragmenta
759 918 1014 953 traxissemus
1047 922 1233 954 cruentos
1267 915 1404 963 pedeS,

203 971 368 1009 tandem
402 971 580 1018 expliciti
613 976 795 1011 acumine
832 974 989 1012 Gitonis
1022 987 1166 1012 sumus.
1227 974 1406 1012 Prudens

204 1033 311 1067 enim
339 1021 516 1077 [pridie],
537 1044 627 1068 cum
653 1032 742 1069 luce
770 1035 891 1070 etiam
912 1033 1016 1070 clara
1034 1036 1198 1070 timeret
1217 1046 1404 1078 errorem,

203 1101 342 1127 omnes
388 1089 489 1136 pilas
531 1090 812 1136 columnasque
860 1096 1067 1129 notaverat
1114 1097 1234 1138 creta,
1278 1085 1404 1138 quae²

203 1147 448 1186 lineamenta
467 1151 674 1186 evicerunt
691 1152 963 1195 spississimam
982 1156 1144 1188 noctem
1170 1155 1214 1188 et
1237 1150 1404 1188 notabili

204 1207 376 1244 candore
399 1207 665 1245 ostenderunt
690 1209 912 1246 errantibus
935 1212 1048 1247 viam.
1108 1208 1298 1256 Quamvis
1321 1222 1400 1246 non

205 1268 336 1304 minus
355 1266 507 1304 sudoris
527 1267 736 1305 habuimus
757 1270 879 1305 etiam
897 1273 1108 1314 postquam
1126 1267 1178 1305 ad
1203 1268 1401 1306 stabulum

205 1328 468 1371 pervenimus.
510 1325 623 1363 Anus
639 1329 747 1363 enim
759 1329 844 1372 ipsa
858 1329 964 1364 inter
979 1327 1241 1365 deversitores
1254 1326 1404 1364 diutius

205 1386 452 1430 ingurgitata
470 1397 522 1422 ne
542 1387 678 1430 ignem
698 1385 860 1431 quidem
875 1385 1082 1422 admotum
1095 1389 1292 1423 sensisset.
1351 1385 1404 1422 Et

204 1442 369 1480 forsitan
411 1448 755 1489 pernoctassemus
801 1446 843 1480 in
890 1444 1040 1490 limine,
1087 1446 1131 1482 ni
1176 1443 1405 1482 tabellarius

205 1501 507 1539 Trimalchionis
535 1504 819 1540 intervenisset
849 1502 886 1539 X
915 1502 1106 1540 vehiculis
1131 1502 1253 1541 dives.
1312 1503 1404 1540 Non

204 1560 273 1597 diu
301 1573 398 1606 ergo
426 1560 693 1598 tumultuatus
722 1561 867 1598 stabuli
895 1564 1054 1599 ianuam
1082 1561 1239 1607 effregit
1265 1566 1308 1600 et
1333 1573 1403 1599 nos

204 1632 275 1666 per
294 1618 464 1656 eandem
484 1613 607 1656 intro3
632 1619 816 1656 admisit.
835 1648 844 1656 .
863 1627 882 1656 .’

422 1679 560 1725 Qualis
580 1693 658 1717 nox
679 1680 755 1717 fuit
774 1680 855 1726 illa,
876 1680 918 1718 di
938 1680 1130 1727 deaeque,

420 1752 539 1784 quam
557 1738 688 1775 mollis
706 1743 826 1775 torus.
886 1738 1100 1776 Haesimus
1119 1738 1295 1776 calentes

421 1802 464 1834 et
483 1796 767 1834 transfudimus
787 1797 881 1833 hinc
901 1802 944 1834 et
963 1797 1055 1834 hinc
1074 1797 1230 1834 labellis

421 1859 599 1892 errantes
618 1858 779 1893 animas.
839 1855 993 1901 Valete,
1014 1868 1130 1892 curae

420 1912 608 1950 mortalis.
668 1913 755 1959 Ego
775 1915 830 1950 sic
849 1916 979 1959 perire
999 1916 1123 1959 coepi.

460 1992 471 2012 ¹
484 1992 652 2024 obfutura
667 1993 877 2024 Buecheler:
899 1992 1063 2025 obscura.

462 2035 597 2074 ²ereta,
616 2046 707 2077 quae
726 2037 927 2067 Puteanus:
949 2042 1127 2077 certaque.

461 2078 474 2098 ³
485 2080 576 2111 intro
593 2079 783 2111 Bourdelot
792 2090 805 2111 .·
828 2084 971 2111 terram.

319 2134 390 2175 .56
