1534 2470
465 170 627 210 TITUS
658 170 970 211 PETRONIUS
999 172 1239 211 ARBITER

352 251 504 298 robora,
523 253 722 289 minacem
740 264 842 298 quae
861 245 1093 298 figurarent¹
1113 266 1271 300 equum.

354 305 547 352 Aperitur
566 309 708 353 ingens
727 312 887 344 antrum
907 312 950 344 et
969 307 1132 346 obducti
1152 321 1305 355 specus,

354 364 423 408 qui
443 367 570 399 castra
590 367 790 408 caperent.
851 363 946 399 Huc
965 363 1137 400 decenni
1157 364 1308 410 proelio

356 419 456 454 irata
475 420 599 454 virtus
618 417 790 464 abditur,
811 420 963 464 stipant
981 431 1121 463 graves

357 471 486 508 Danai
505 485 694 518 recessus,
715 475 758 509 in
777 485 847 510 suo
866 477 959 510 voto
977 473 1117 511 latent.

358 527 394 565 Ο
415 530 554 574 patria,
575 527 708 574 pulsas
727 527 837 564 mille
858 528 1097 566 credidimus
1116 533 1221 566 rates

356 582 563 629 solumque
582 582 689 620 bello
710 582 899 620 liberum:
930 583 1005 621 hoc
1024 583 1166 621 titulus
1186 583 1271 621 fero

355 640 515 684 incisus,
534 637 609 675 hoc
629 637 680 675 ad
700 629 823 675 furta²
843 641 1082 684 compositus
1101 638 1225 676 Sinon

356 692 537 730 firmabat
556 698 598 730 et
617 706 731 730 mens
750 686 924 739 semper3
942 695 984 730 in
1003 693 1192 730 damnum
1211 698 1365 740 potens.

413 747 498 784 Iam
516 748 634 785 turba
652 751 776 794 portis
794 748 920 785 libera
939 761 984 785 ac
1003 748 1110 786 bello
1129 762 1266 786 carens

356 804 399 839 in
419 808 511 840 vota
529 808 725 849 properat.
786 803 965 840 Fletibus
984 808 1150 840 manant
1168 816 1296 850 genae

356 861 584 904 mentisque
604 857 770 904 pavidae
789 858 979 904 gaudium
997 858 1177 896 lacrimas
1196 858 1332 904 habet,

358 926 454 959 quas
474 918 606 950 metus
625 913 772 959 abegit.
831 913 1014 959 Namque
1035 914 1227 960 Neptuno
1246 925 1357 951 sacer

359 971 510 1005 crinem
530 968 683 1006 solutus
702 981 820 1005 omne
842 967 1025 1005 Laocoon
1044 968 1175 1015 replet

358 1023 529 1060 clamore
549 1022 700 1069 vulgus.
761 1023 856 1060 Mox
877 1023 1042 1060 reducta
1065 1023 1227 1069 cuspide

358 1083 517 1115 uterum
536 1081 703 1124 notavit,
723 1077 806 1115 fata
824 1077 895 1115 sed
914 1077 1075 1115 tardant
1092 1091 1245 1124 manus,

356 1136 538 1179 ictusque
558 1133 684 1170 resilit
703 1138 745 1170 et
765 1132 864 1170 dolis
883 1132 996 1170 addit
1014 1133 1145 1170 fidem.

360 1188 512 1225 Iterum
531 1193 668 1225 tamen
688 1187 894 1225 confirmat
911 1188 1125 1225 invalidam
1144 1201 1306 1226 manum

356 1243 516 1289 altaque
536 1243 702 1288 bipenni
719 1242 846 1280 latera
864 1248 1120 1289 pertemptat.
1180 1243 1332 1281 Fremit

357 1301 514 1344 captiva
532 1298 658 1344 pubes
677 1300 784 1335 intus
805 1302 860 1343 et,
880 1297 975 1335 dum
995 1303 1228 1344 murmurat,

359 1353 523 1391 roborea
541 1353 666 1390 moles
685 1355 809 1399 spirat
827 1352 957 1390 alieno
976 1358 1098 1390 metu.

359 1408 449 1445 Ibat
467 1411 652 1445 iuventus
672 1413 800 1454 capta,
820 1407 916 1445 dum
936 1407 1093 1445 Troiam
1112 1410 1231 1454 capit,

360 1463 587 1509 bellumque
606 1468 737 1500 totum
757 1462 895 1499 fraude
916 1462 1089 1500 ducebat
1106 1475 1216 1500 nova.

413 1518 517 1555 Ecce
537 1518 613 1554 alia
632 1523 827 1555 monstra:
858 1517 962 1555 celsa
981 1531 1059 1564 qua
1078 1517 1261 1555 Tenedos
1279 1529 1388 1555 mare

357 1572 474 1611 dorso
493 1573 675 1619 replevit,
695 1572 849 1610 tumida
868 1577 1113 1619 consurgunt
1131 1572 1235 1610 freta

359 1628 544 1674 undaque
564 1627 732 1665 resultat
751 1630 870 1665 scissa
887 1627 1101 1673 tranquillo
1119 1630 1260 1673 minor,

357 1683 482 1729 qualis
502 1683 637 1720 silenti
656 1687 774 1719 nocte
794 1695 993 1719 remorum
1012 1695 1130 1720 sonus

356 1738 476 1784 longe
496 1737 680 1783 refertur,
701 1751 791 1774 cum
810 1742 999 1784 premunt
1018 1737 1161 1774 classes
1179 1749 1287 1774 mare

355 1793 592 1840 pulsumque
611 1805 782 1830 marmor
799 1793 932 1830 abiete
951 1794 1135 1838 imposita
1153 1794 1289 1838 gemit.

358 1848 623 1895 Respicimus:
651 1859 802 1893 angues
821 1847 980 1884 orbibus
999 1849 1168 1892 geminis
1187 1846 1323 1884 ferunt

355 1903 406 1940 ad
425 1916 519 1940 saxa
536 1902 691 1948 fluctus,
707 1901 860 1939 tumida
879 1915 1045 1947 quorum
1064 1906 1227 1948 pectora

293 1950 302 1970 ¹
315 1950 511 1991 figurarent
526 1950 705 1987 Pithoeus,
726 1949 949 1980 Tomaesius:
964 1948 1156 1990 figurabat.

293 1991 307 2013 ¹
319 1994 414 2025 furta
429 1993 622 2024 Buecheler
635 2003 643 2023 :
659 1992 746 2023 fata.

292 2035 306 2056 ⁸
318 2047 419 2068 mens
442 2047 583 2077 semper
602 2036 671 2067 cod.
695 2034 1027 2066 Autissiodurensis
1038 2046 1052 2066 .·
1067 2033 1286 2066 mendatium
1301 2041 1443 2075 semper

243 2079 313 2113 cod.
328 2079 445 2112 Paris.
461 2080 548 2120 6842
562 2079 598 2110 D
610 2089 624 2110 .·
639 2077 864 2110 mendacium
880 2078 978 2109 other
990 2078 1096 2111 MSS.

355 2134 372 2168 1
382 2129 433 2171 76
