1534 2470
494 202 656 241 TITUS
687 202 999 242 PETRONIUS
1028 202 1268 241 ARBITER

271 296 295 320 a
308 296 433 330 puero
449 283 613 331 quidem
631 288 675 321 te
693 282 917 329 vindicasti,
931 283 1002 320 sed
1021 283 1164 330 mollis,
1181 283 1336 330 debilis,
1351 283 1475 322 lassus

271 351 462 393 tanquam
483 346 657 384 caballus
675 349 719 384 in
739 346 854 393 clivo,
873 351 917 384 et
935 359 1097 393 operam
1117 352 1160 385 et
1178 347 1363 386 sudorem
1385 360 1475 395 per-

271 410 418 448 didisti.
466 410 552 448 Nec
572 414 787 448 contentus
812 412 898 456 ipse
921 422 1100 457 peccare,
1119 410 1218 447 mihi
1237 410 1334 449 deos
1354 413 1475 450 iratos

271 467 504 512 excitasti'’¹
526 503 534 511 .
558 503 566 511 .
590 503 598 511 .

180 533 251 572 LO
329 525 334 580 Ι
353 534 414 571 Ac
428 547 493 572 me
508 537 656 572 iterum
670 537 712 571 in
728 534 870 572 cellam
884 533 1100 572 sacerdotis
1111 533 1212 572 nihil
1223 539 1474 581 recusantem

270 597 459 645 perduxit
477 597 716 644 impulitque
743 610 862 644 super
887 597 1039 635 lectum
1065 602 1108 636 et
1132 597 1399 636 harundinem
1422 599 1473 636 ab

270 664 372 699 ostio
392 664 524 708 rapuit
547 664 774 707 iterumque
803 660 904 697 nihil
931 660 1244 707 respondentem
1271 661 1470 700 mulcavit.

271 725 331 762 Ac
350 727 426 762 nisi
445 727 573 771 primo
596 727 678 762 ictu
705 724 888 761 harundo
914 729 1097 771 quassata
1118 727 1316 772 impetum
1334 725 1472 763 verbe-

270 791 394 826 rantis
413 791 635 834 minuisset,
656 787 822 825 forsitan
843 790 965 825 etiam
983 787 1144 825 brachia
1161 801 1252 826 mea
1274 793 1472 835 caputque

270 846 466 898 fregisset.
511 851 697 898 Ingemui
717 863 792 897 ego
808 854 946 897 utique
966 856 1130 898 propter
1146 854 1471 898 mascarpionem,

269 915 519 961 lacrimisque
552 915 727 952 ubertim
760 915 1013 952 manantibus
1046 915 1299 952 obscuratum
1330 915 1471 953 dextra

269 983 388 1025 caput
408 991 527 1025 super
546 978 754 1024 pulvinum
770 978 966 1015 inclinavi.
1026 978 1112 1015 Nec
1135 981 1266 1016 minus
1287 978 1356 1016 illa
1373 978 1470 1017 fletu

268 1041 433 1079 confusa
461 1041 588 1079 altera
624 1046 738 1088 parte
771 1041 910 1079 lectuli
942 1041 1048 1079 sedit
1075 1044 1298 1088 aetatisque
1324 1041 1469 1088 longae

268 1119 418 1143 moram
441 1105 623 1142 tremulis
643 1105 804 1142 vocibus
825 1107 958 1151 coepit
976 1117 1173 1150 accusare,
1194 1104 1322 1142 donec
1345 1107 1469 1143 inter-

266 1171 378 1207 venit
399 1167 592 1206 sacerdos.

321 1223 465 1278 “Quid
485 1244 552 1268 vos
566 1231 588 1244 ”
611 1234 742 1277 inquit
762 1222 837 1268 “in
858 1230 999 1268 cellam
1019 1243 1150 1268 meam
1164 1235 1354 1278 tanquam
1372 1236 1468 1270 ante

215 1296 248 1334 Ο
267 1308 407 1334 recens
441 1295 603 1333 bustum
637 1295 829 1332 venistis?
862 1285 1040 1340 lUtique
1066 1294 1132 1332 die
1158 1293 1357 1342 feriarum,
1388 1308 1468 1342 quo
1516 1340 1520 1342 Y

265 1362 387 1397 etiam
407 1358 594 1405 lugentes
614 1358 785 1395 rident.'’

174 1423 245 1461 LO
283 1414 287 1469 Ι
322 1413 424 1460 “O’'
452 1424 586 1468 inquit
605 1412 865 1467 “Oenothea,
885 1421 992 1458 hunc
1021 1420 1321 1459 adulescentem
1345 1435 1466 1468 quem

263 1486 375 1524 vides
391 1499 399 1523 :
429 1485 534 1522 malo
553 1490 659 1522 astro
677 1490 796 1522 natus
816 1490 897 1529 est;
921 1497 1014 1521 nam
1033 1497 1165 1530 neque
1184 1497 1308 1531 puero
1332 1498 1464 1532 neque

180 1549 214 1587 L
260 1549 419 1596 puellae
439 1549 543 1586 bona
559 1561 628 1585 sua
648 1548 823 1585 vendere
842 1552 986 1594 potest.
1023 1538 1028 1593 Ι
1049 1547 1263 1594 Nunquam
1277 1552 1322 1585 tu
1338 1548 1463 1586 homi-

263 1626 359 1650 nem
374 1617 457 1650 tam
478 1612 681 1649 infelicem
696 1611 831 1648 vidisti
846 1624 854 1648 z
874 1611 1003 1648 lorum
1018 1613 1060 1647 in
1074 1623 1188 1657 aqua,
1203 1624 1285 1648 non
1299 1614 1463 1658 inguina

172 1676 243 1714 LO
264 1676 395 1713 habet.
432 1667 438 1720 Ι
458 1675 523 1712 Ad
538 1688 745 1720 summam,
762 1674 920 1720 qualem
935 1679 1051 1720 putas
1067 1686 1166 1720 esse,
1182 1677 1250 1720 qui
1264 1674 1315 1712 de
1331 1675 1462 1713 Circes

172 1740 206 1777 L
263 1745 350 1777 toro
370 1742 455 1777 sine
475 1738 682 1784 voluptate
701 1738 928 1775 surrexit?'’
963 1729 968 1782 Ι
988 1737 1066 1774 His
1084 1737 1230 1775 auditis
1250 1738 1462 1777 Oenothea

262 1801 369 1835 inter
415 1802 631 1843 utrumque
679 1796 861 1833 consedit
902 1800 1091 1841 motoque
1134 1795 1283 1834 diutius
1329 1800 1460 1844 capite

261 1847 286 1865 “
296 1856 425 1893 Istum
435 1856 456 1868 '’
471 1858 603 1901 inquit
615 1845 830 1891 “morbum
843 1854 924 1891 sola
936 1867 1023 1891 sum
1036 1866 1137 1900 quae
1146 1855 1358 1893 emendare
1367 1859 1457 1894 scio.

262 1914 315 1952 Et
327 1927 379 1951 ne
392 1927 446 1951 me
458 1916 610 1960 putetis
622 1913 811 1959 perplexe
824 1925 957 1958 agere,
970 1925 1066 1958 rogo
1078 1917 1125 1950 ut
1136 1912 1460 1952 adulescentulus

259 1986 418 2010 mecum
437 1977 556 2009 nocte
577 1971 748 2008 dormiat
767 2000 775 2008 .
799 2000 807 2008 .
829 2000 837 2008 .

258 2034 333 2069 nisi
354 2030 452 2068 illud
473 2035 555 2068 tam
575 2029 749 2075 rigidum
769 2029 982 2066 reddidero
1001 2042 1119 2075 quam
1139 2042 1285 2068 cornu:

559 2099 747 2133 ¹exeitasti
774 2102 948 2133 Wouwer:
970 2100 1165 2134 extricasti.

369 2158 447 2192 300
