1534 2470
466 201 622 240 rITUS
654 200 964 239 PETRONIUS
994 200 1232 238 ARBITER

240 287 445 328 utcunque
474 285 602 320 curati
632 285 896 320 tristissimam
917 284 1124 328 exegimus
1142 286 1316 320 noctem.
1366 279 1439 318 Po-

239 346 346 379 stero
365 341 445 387 die,
466 354 557 378 cum
586 354 825 388 poneremus
854 339 1075 387 consilium,
1095 342 1159 378 cui
1186 352 1259 378 nos
1285 341 1440 386 regioni

239 399 505 445 crederemus,
529 405 698 446 repente
725 399 841 436 video
867 411 1008 445 corpus
1030 398 1249 436 humanum
1275 400 1440 435 circum-

239 463 374 495 actum
393 458 471 495 levi
491 461 641 496 vertice
656 458 707 496 ad
721 458 816 495 litus
831 457 990 495 deferri.
1022 457 1190 495 Substiti
1205 469 1301 504 ergo
1315 458 1440 494 tristis

239 519 433 563 coepique
460 510 706 554 umentibus¹
733 516 856 553 oculis
881 518 999 553 maris
1024 515 1145 553 fidem
1172 517 1367 562 inspicere
1396 519 1440 552 et

240 565 400 612 “Hunc
423 574 620 612 forsitan''
642 575 842 622 proclamo
863 565 938 611 “in
961 574 1092 620 aliqua
1110 579 1224 620 parte
1243 578 1438 611 terrarum

239 646 378 671 secura
411 639 620 680 exspectat
653 647 763 679 uxor,
797 633 962 670 forsitan
994 635 1155 679 ignarus
1186 633 1438 678 tempestatis

241 692 343 730 filius
380 697 450 730 aut
486 685 646 738 pater;²
674 695 814 738 utique
844 691 1007 737 reliquit
1040 690 1229 737 aliquem,
1258 692 1321 728 cui
1349 702 1438 737 pro-

240 751 418 788 ficiscens
431 750 610 788 osculum
622 750 746 788 dedit.
780 750 895 787 Haec
910 754 1004 787 sunt
1023 749 1185 786 consilia
1199 747 1438 794 mortalium,

239 809 339 847 haec
365 815 458 847 vota
485 822 717 855 magnarum
748 810 1045 855 cogitationum.
1077 807 1141 844 En
1163 806 1282 844 homo
1301 819 1439 853 quem-

239 867 455 906 admodum
491 867 644 906 natat.''
702 867 848 904 Adhuc
881 872 1071 912 tanquam
1103 869 1286 913 ignotum
1318 864 1439 903 defle-

241 928 344 972 bam,
367 940 458 964 cum
486 926 721 963 inviolatum
747 939 790 963 os
820 925 962 962 fluctus
989 927 1186 962 convertit
1210 928 1252 961 in
1277 929 1438 971 terram,

239 988 463 1032 agnovique
487 985 708 1022 terribilem
734 984 852 1031 paulo
871 989 966 1021 ante
987 988 1029 1020 et
1054 983 1346 1030 implacdbstem
1372 982 1437 1020 Li-

241 1045 356 1082 cham
394 1044 563 1091 pedibus
599 1047 700 1081 meis
737 1056 866 1090 paene
899 1043 1134 1079 subiectum.
1194 1042 1285 1078 hon
1322 1043 1434 1079 tenui

241 1106 363 1150 igitur
378 1102 528 1140 diutius
546 1102 738 1147 lacrimas,
754 1104 874 1138 immo
886 1103 1061 1147 percussi
1072 1099 1196 1138 semel
1210 1103 1436 1146 iterumque

241 1162 422 1199 manibus
441 1166 582 1207 pectus
602 1166 644 1198 et
661 1151 685 1168 “
696 1160 775 1198 Ubi
794 1172 901 1196 nunc
917 1158 1008 1196 est”
1026 1161 1188 1205 inquam
1203 1149 1437 1195 “iracundia

241 1225 323 1266 tua,
352 1220 421 1257 ubi
453 1221 691 1266 impotentia
721 1219 814 1255 tua?
852 1230 999 1264 nempe
1029 1217 1200 1264 piscibus
1230 1216 1437 1263 beluisque

242 1281 445 1326 expositus
471 1291 526 1324 es,
548 1283 591 1315 et
617 1280 685 1324 qui
710 1277 828 1323 paulo
848 1282 943 1314 ante
969 1276 1142 1313 iactabas
1161 1278 1263 1313 vires
1281 1277 1438 1322 imperii

242 1340 315 1383 tui,
331 1337 382 1374 de
402 1342 486 1374 tam
504 1349 650 1383 magna
669 1349 770 1373 nave
784 1348 836 1372 ne
851 1334 1029 1372 tabulam
1044 1333 1206 1380 quidem
1223 1333 1438 1379 naufragus

242 1396 375 1433 habes.
427 1395 490 1433 Ite
519 1407 626 1432 nunc
654 1393 853 1440 mortales,
880 1398 923 1430 et
950 1395 1104 1438 magnis
1133 1392 1439 1438 cogitationibus

241 1459 404 1501 pectora
431 1453 609 1500 implete.
662 1452 724 1490 Ite
745 1454 864 1498 cauti,
885 1456 928 1489 et
955 1464 1051 1498 opes
1074 1450 1278 1488 fraudibus
1303 1455 1438 1496 captas

242 1525 314 1560 per
332 1512 442 1550 mille
461 1525 586 1549 annos
612 1511 823 1558 disponite.
873 1510 1031 1556 Nempe
1055 1509 1122 1547 hie
1146 1511 1324 1556 proxima
1347 1508 1438 1546 luce

242 1573 471 1618 patrimonii
499 1573 558 1608 sui
588 1573 762 1607 rationes
790 1571 977 1615 inspexit,
997 1580 1143 1614 nempe
1169 1567 1277 1605 diem
1302 1570 1437 1614 etiam,

242 1643 321 1676 quo
340 1634 533 1667 venturus
554 1634 659 1666 esset
679 1631 720 1665 in
749 1630 929 1674 patriam,
949 1629 1081 1663 animo
1109 1638 1179 1663 suo
1207 1619 1323 1663 fixit.⁸
1369 1625 1437 1663 Dii

242 1688 436 1734 deaeque,
456 1701 576 1734 quam
604 1687 724 1733 longe
750 1699 773 1723 a
799 1685 1068 1723 destinatione
1096 1697 1166 1722 sua
1193 1687 1307 1721 iacet.
1357 1683 1437 1722 Sed

242 1759 324 1784 non
336 1747 418 1784 sola
431 1746 664 1783 mortalibus
675 1748 798 1782 maria
817 1744 919 1781 hanc
935 1743 1053 1780 fidem
1072 1747 1287 1789 praestant.
1318 1741 1438 1779 Illum

242 1805 463 1844 bellantem
488 1818 596 1842 arma
619 1803 839 1850 decipiunt,
858 1802 971 1839 illum
997 1801 1071 1838 diis
1090 1806 1182 1838 vota
1199 1799 1438 1837 reddentem

242 1866 450 1911 penatium
476 1875 636 1900 suorum
661 1865 775 1899 ruina
800 1860 954 1907 sepelit.
1001 1859 1075 1896 Ille
1100 1858 1282 1896 vehiculo
1307 1858 1439 1904 lapsus

242 1926 524 1970 properantem
543 1923 726 1967 spiritum
746 1922 930 1964 excussit,
950 1919 1060 1955 cibus
1079 1916 1238 1954 avidum
1257 1921 1438 1962 strangu-

352 1996 573 2029 ¹umentibus
589 1996 733 2037 margin
750 1995 800 2027 ed.
820 1995 865 2036 of
874 1993 1085 2026 Tornaesius
1096 2003 1110 2024 .·
1125 1990 1336 2024 viventibus.

349 2047 364 2068 ²
375 2052 481 2090 pater
494 2047 689 2079 Buecheler
698 2057 712 2078 .·
727 2051 879 2088 patrem.

349 2098 363 2120 ⁸
375 2100 452 2131 fixit
471 2099 728 2140 Oeveringius:
743 2096 855 2129 finxit.

352 2154 430 2188 242
