<?xml version="1.0" encoding="UTF-8"?>
<!DOCTYPE html PUBLIC "-//W3C//DTD XHTML 1.0 Transitional//EN"
    "http://www.w3.org/TR/xhtml1/DTD/xhtml1-transitional.dtd">
<html xmlns="http://www.w3.org/1999/xhtml" xml:lang="en" lang="en">
 <head>
  <title>
</title>
<meta http-equiv="Content-Type" content="text/html;charset=utf-8" />
  <meta name='ocr-system' content='tesseract 3.04.00' />
  <meta name='ocr-capabilities' content='ocr_page ocr_carea ocr_par ocr_line ocrx_word'/>
</head>
<body>
  <div class='ocr_page' id='page_1' title='image "./petronius00petruoft_0042.png"; bbox 0 0 1500 2470; ppageno 0'>
   <div class='ocr_carea' id='block_1_1' title="bbox 111 999 148 1030">
    <p class='ocr_par' dir='ltr' id='par_1_1' title="bbox 111 999 148 1030">
     <span class='ocr_line' id='line_1_1' title="bbox 111 999 148 1030; baseline 0 0"><span class='ocrx_word' id='word_1_1' title='bbox 111 999 148 1030; x_wconf 88' lang='lat'><strong>11</strong></span> 
     </span>
    </p>
   </div>
   <div class='ocr_carea' id='block_1_2' title="bbox 110 1662 154 1694">
    <p class='ocr_par' dir='ltr' id='par_1_2' title="bbox 110 1662 154 1694">
     <span class='ocr_line' id='line_1_2' title="bbox 110 1662 154 1694; baseline 0.023 -1"><span class='ocrx_word' id='word_1_2' title='bbox 110 1662 154 1694; x_wconf 76' lang='lat'><strong>12</strong></span> 
     </span>
    </p>
   </div>
   <div class='ocr_carea' id='block_1_3' title="bbox 410 195 1185 236">
    <p class='ocr_par' dir='ltr' id='par_1_3' title="bbox 410 195 1185 236">
     <span class='ocr_line' id='line_1_3' title="bbox 410 195 1185 236; baseline 0.005 -4"><span class='ocrx_word' id='word_1_3' title='bbox 410 195 572 234; x_wconf 93' lang='lat' dir='ltr'>TITUS</span> <span class='ocrx_word' id='word_1_4' title='bbox 604 196 916 236; x_wconf 88' lang='lat' dir='ltr'>PETRONIUS</span> <span class='ocrx_word' id='word_1_5' title='bbox 945 196 1185 236; x_wconf 86' lang='lat' dir='ltr'><strong>ARBITER</strong></span> 
     </span>
    </p>
   </div>
   <div class='ocr_carea' id='block_1_4' title="bbox 182 276 1394 1924">
    <p class='ocr_par' dir='ltr' id='par_1_4' title="bbox 187 276 1394 820">
     <span class='ocr_line' id='line_1_4' title="bbox 189 276 1392 326; baseline 0.005 -14"><span class='ocrx_word' id='word_1_6' title='bbox 189 288 420 313; x_wconf 90' lang='lat' dir='ltr'><strong>communes</strong></span> <span class='ocrx_word' id='word_1_7' title='bbox 446 276 660 314; x_wconf 89' lang='lat' dir='ltr'><strong>sarcinulas</strong></span> <span class='ocrx_word' id='word_1_8' title='bbox 685 280 902 324; x_wconf 82' lang='lat' dir='ltr'><strong>partiamur</strong></span> <span class='ocrx_word' id='word_1_9' title='bbox 927 291 973 316; x_wconf 87' lang='lat' dir='ltr'><strong>ac</strong></span> <span class='ocrx_word' id='word_1_10' title='bbox 999 284 1278 326; x_wconf 80' lang='lat' dir='ltr'><strong>paupertatem</strong></span> <span class='ocrx_word' id='word_1_11' title='bbox 1303 293 1392 318; x_wconf 79' lang='lat' dir='ltr'><strong>nos-</strong></span> 
     </span>
     <span class='ocr_line' id='line_1_5' title="bbox 189 332 1392 381; baseline 0.006 -14"><span class='ocrx_word' id='word_1_12' title='bbox 189 335 292 368; x_wconf 88' lang='lat' dir='ltr'><strong>tram</strong></span> <span class='ocrx_word' id='word_1_13' title='bbox 311 333 474 377; x_wconf 90' lang='lat' dir='ltr'><strong>privatis</strong></span> <span class='ocrx_word' id='word_1_14' title='bbox 493 332 724 378; x_wconf 77' lang='lat' dir='ltr'><strong>quaestibus</strong></span> <span class='ocrx_word' id='word_1_15' title='bbox 743 337 988 380; x_wconf 86' lang='lat' dir='ltr'><strong>temptemus</strong></span> <span class='ocrx_word' id='word_1_16' title='bbox 1008 334 1221 381; x_wconf 86' lang='lat' dir='ltr'><strong>expellere.</strong></span> <span class='ocrx_word' id='word_1_17' title='bbox 1274 335 1329 373; x_wconf 90' lang='lat' dir='ltr'><strong>Et</strong></span> <span class='ocrx_word' id='word_1_18' title='bbox 1347 340 1392 374; x_wconf 90' lang='lat' dir='ltr'><strong>tu</strong></span> 
     </span>
     <span class='ocr_line' id='line_1_6' title="bbox 188 386 1394 436; baseline 0.004 -13"><span class='ocrx_word' id='word_1_19' title='bbox 188 386 343 423; x_wconf 80' lang='lat' dir='ltr'><strong>litteras</strong></span> <span class='ocrx_word' id='word_1_20' title='bbox 363 389 438 424; x_wconf 89' lang='lat' dir='ltr'><strong>scis</strong></span> <span class='ocrx_word' id='word_1_21' title='bbox 458 391 501 424; x_wconf 91' lang='lat' dir='ltr'><strong>et</strong></span> <span class='ocrx_word' id='word_1_22' title='bbox 521 400 606 433; x_wconf 87' lang='lat' dir='ltr'><strong>ego.</strong></span> <span class='ocrx_word' id='word_1_23' title='bbox 667 388 730 425; x_wconf 94' lang='lat' dir='ltr'><strong>Ne</strong></span> <span class='ocrx_word' id='word_1_24' title='bbox 750 389 980 434; x_wconf 86' lang='lat' dir='ltr'><strong>quaestibus</strong></span> <span class='ocrx_word' id='word_1_25' title='bbox 998 391 1078 427; x_wconf 91' lang='lat' dir='ltr'><strong>tuis</strong></span> <span class='ocrx_word' id='word_1_26' title='bbox 1097 389 1266 436; x_wconf 89' lang='lat' dir='ltr'><strong>obstem,</strong></span> <span class='ocrx_word' id='word_1_27' title='bbox 1285 390 1394 428; x_wconf 87' lang='lat' dir='ltr'><strong>aliud</strong></span> 
     </span>
     <span class='ocr_line' id='line_1_7' title="bbox 188 441 1393 491; baseline 0.004 -13"><span class='ocrx_word' id='word_1_28' title='bbox 188 441 339 487; x_wconf 87' lang='lat' dir='ltr'><strong>aliquid</strong></span> <span class='ocrx_word' id='word_1_29' title='bbox 365 445 618 488; x_wconf 89' lang='lat' dir='ltr'><strong>promittam;</strong></span> <span class='ocrx_word' id='word_1_30' title='bbox 645 442 793 489; x_wconf 90' lang='lat' dir='ltr'><strong>alioqui</strong></span> <span class='ocrx_word' id='word_1_31' title='bbox 819 443 929 482; x_wconf 91' lang='lat' dir='ltr'><strong>mille</strong></span> <span class='ocrx_word' id='word_1_32' title='bbox 955 457 1095 482; x_wconf 88' lang='lat' dir='ltr'><strong>causae</strong></span> <span class='ocrx_word' id='word_1_33' title='bbox 1118 445 1298 491; x_wconf 89' lang='lat' dir='ltr'><strong>quotidie</strong></span> <span class='ocrx_word' id='word_1_34' title='bbox 1319 459 1393 484; x_wconf 90' lang='lat' dir='ltr'><strong>nos</strong></span> 
     </span>
     <span class='ocr_line' id='line_1_8' title="bbox 188 496 1390 544; baseline 0.005 -11"><span class='ocrx_word' id='word_1_35' title='bbox 188 496 382 534; x_wconf 85' lang='lat' dir='ltr'><strong>collident</strong></span> <span class='ocrx_word' id='word_1_36' title='bbox 412 501 455 535; x_wconf 88' lang='lat' dir='ltr'><strong>et</strong></span> <span class='ocrx_word' id='word_1_37' title='bbox 485 510 557 544; x_wconf 88' lang='lat' dir='ltr'><strong>per</strong></span> <span class='ocrx_word' id='word_1_38' title='bbox 587 502 715 535; x_wconf 85' lang='lat' dir='ltr'><strong>totam</strong></span> <span class='ocrx_word' id='word_1_39' title='bbox 744 499 885 536; x_wconf 91' lang='lat' dir='ltr'><strong>urbem</strong></span> <span class='ocrx_word' id='word_1_40' title='bbox 915 500 1137 537; x_wconf 87' lang='lat' dir='ltr'><strong>rumoribus</strong></span> <span class='ocrx_word' id='word_1_41' title='bbox 1165 500 1390 539; x_wconf 87' lang='lat' dir='ltr'><strong>different.”</strong></span> 
     </span>
     <span class='ocr_line' id='line_1_9' title="bbox 189 544 1392 602; baseline 0.003 -13"><span class='ocrx_word' id='word_1_42' title='bbox 189 552 281 589; x_wconf 92' lang='lat' dir='ltr'><strong>Non</strong></span> <span class='ocrx_word' id='word_1_43' title='bbox 300 555 496 590; x_wconf 91' lang='lat' dir='ltr'><strong>recusavit</strong></span> <span class='ocrx_word' id='word_1_44' title='bbox 517 552 700 599; x_wconf 86' lang='lat' dir='ltr'><strong>Ascyltos</strong></span> <span class='ocrx_word' id='word_1_45' title='bbox 721 558 763 591; x_wconf 91' lang='lat' dir='ltr'><strong>et</strong></span> <span class='ocrx_word' id='word_1_46' title='bbox 783 544 986 592; x_wconf 75' lang='lat' dir='ltr'><strong>“Hodie’&#39;</strong></span> <span class='ocrx_word' id='word_1_47' title='bbox 1008 557 1140 601; x_wconf 89' lang='lat' dir='ltr'><strong>inquit</strong></span> <span class='ocrx_word' id='word_1_48' title='bbox 1159 546 1285 602; x_wconf 84' lang='lat' dir='ltr'><strong>“quia</strong></span> <span class='ocrx_word' id='word_1_49' title='bbox 1303 560 1392 593; x_wconf 89' lang='lat' dir='ltr'><strong>tan-</strong></span> 
     </span>
     <span class='ocr_line' id='line_1_10' title="bbox 188 607 1391 657; baseline 0.004 -13"><span class='ocrx_word' id='word_1_50' title='bbox 188 620 307 653; x_wconf 87' lang='lat' dir='ltr'><strong>quam</strong></span> <span class='ocrx_word' id='word_1_51' title='bbox 327 607 551 645; x_wconf 88' lang='lat' dir='ltr'><strong>scholastici</strong></span> <span class='ocrx_word' id='word_1_52' title='bbox 571 608 622 645; x_wconf 86' lang='lat' dir='ltr'><strong>ad</strong></span> <span class='ocrx_word' id='word_1_53' title='bbox 641 622 782 646; x_wconf 90' lang='lat' dir='ltr'><strong>cenam</strong></span> <span class='ocrx_word' id='word_1_54' title='bbox 801 612 1063 656; x_wconf 87' lang='lat' dir='ltr'><strong>promisimus,</strong></span> <span class='ocrx_word' id='word_1_55' title='bbox 1079 622 1160 647; x_wconf 91' lang='lat' dir='ltr'><strong>non</strong></span> <span class='ocrx_word' id='word_1_56' title='bbox 1178 610 1391 657; x_wconf 86' lang='lat' dir='ltr'><strong>perdamus</strong></span> 
     </span>
     <span class='ocr_line' id='line_1_11' title="bbox 187 663 1391 711; baseline 0.003 -12"><span class='ocrx_word' id='word_1_57' title='bbox 187 667 359 700; x_wconf 89' lang='lat' dir='ltr'><strong>noctem.</strong></span> <span class='ocrx_word' id='word_1_58' title='bbox 419 663 512 700; x_wconf 86' lang='lat' dir='ltr'><strong>Cras</strong></span> <span class='ocrx_word' id='word_1_59' title='bbox 530 668 679 709; x_wconf 89' lang='lat' dir='ltr'><strong>autem,</strong></span> <span class='ocrx_word' id='word_1_60' title='bbox 700 666 792 710; x_wconf 88' lang='lat' dir='ltr'><strong>quia</strong></span> <span class='ocrx_word' id='word_1_61' title='bbox 812 664 887 701; x_wconf 89' lang='lat' dir='ltr'><strong>hoc</strong></span> <span class='ocrx_word' id='word_1_62' title='bbox 907 665 1020 711; x_wconf 90' lang='lat' dir='ltr'><strong>libet,</strong></span> <span class='ocrx_word' id='word_1_63' title='bbox 1040 669 1083 703; x_wconf 91' lang='lat' dir='ltr'><strong>et</strong></span> <span class='ocrx_word' id='word_1_64' title='bbox 1101 665 1391 704; x_wconf 89' lang='lat' dir='ltr'><strong>habitationem</strong></span> 
     </span>
     <span class='ocr_line' id='line_1_12' title="bbox 187 711 1386 781; baseline 0.004 -27"><span class='ocrx_word' id='word_1_65' title='bbox 187 717 285 755; x_wconf 89' lang='lat' dir='ltr'><strong>mihi</strong></span> <span class='ocrx_word' id='word_1_66' title='bbox 305 720 540 781; x_wconf 86' lang='lat' dir='ltr'><strong>prospiciam</strong></span> <span class='ocrx_word' id='word_1_67' title='bbox 561 723 603 757; x_wconf 89' lang='lat' dir='ltr'><strong>et</strong></span> <span class='ocrx_word' id='word_1_68' title='bbox 622 719 796 765; x_wconf 88' lang='lat' dir='ltr'><strong>aliquem</strong></span> <span class='ocrx_word' id='word_1_69' title='bbox 816 719 1020 757; x_wconf 54' lang='lat' dir='ltr'><strong>fratremff&#39;</strong></span> <span class='ocrx_word' id='word_1_70' title='bbox 1065 711 1274 759; x_wconf 83' lang='lat' dir='ltr'><strong>“Tardum</strong></span> <span class='ocrx_word' id='word_1_71' title='bbox 1293 726 1356 759; x_wconf 88' lang='lat' dir='ltr'><strong>est</strong></span> <span class='ocrx_word' id='word_1_72' title='bbox 1364 721 1386 735; x_wconf 83' lang='lat'><strong>&#39;¹</strong></span> 
     </span>
     <span class='ocr_line' id='line_1_13' title="bbox 188 764 881 820; baseline 0.005 -11"><span class='ocrx_word' id='word_1_73' title='bbox 188 776 350 819; x_wconf 85' lang='lat' dir='ltr'><strong>inquam</strong></span> <span class='ocrx_word' id='word_1_74' title='bbox 371 764 563 811; x_wconf 79' lang='lat' dir='ltr'><strong>“differre</strong></span> <span class='ocrx_word' id='word_1_75' title='bbox 583 774 690 820; x_wconf 93' lang='lat' dir='ltr'><strong>quod</strong></span> <span class='ocrx_word' id='word_1_76' title='bbox 710 774 881 820; x_wconf 83' lang='lat' dir='ltr'><strong>placet.’&#39;</strong></span> 
     </span>
    </p>

    <p class='ocr_par' dir='ltr' id='par_1_5' title="bbox 187 828 1390 978">
     <span class='ocr_line' id='line_1_14' title="bbox 243 828 1390 876; baseline 0.003 -11"><span class='ocrx_word' id='word_1_77' title='bbox 243 828 362 865; x_wconf 91' lang='lat' dir='ltr'><strong>Hanc</strong></span> <span class='ocrx_word' id='word_1_78' title='bbox 388 833 471 866; x_wconf 88' lang='lat' dir='ltr'><strong>tam</strong></span> <span class='ocrx_word' id='word_1_79' title='bbox 500 832 760 876; x_wconf 91' lang='lat' dir='ltr'><strong>praecipitem</strong></span> <span class='ocrx_word' id='word_1_80' title='bbox 786 830 1021 867; x_wconf 91' lang='lat' dir='ltr'><strong>divisionem</strong></span> <span class='ocrx_word' id='word_1_81' title='bbox 1046 829 1170 868; x_wconf 91' lang='lat' dir='ltr'><strong>libido</strong></span> <span class='ocrx_word' id='word_1_82' title='bbox 1198 829 1390 876; x_wconf 85' lang='lat' dir='ltr'><strong>faciebat;</strong></span> 
     </span>
     <span class='ocr_line' id='line_1_15' title="bbox 187 883 1390 931; baseline 0.002 -11"><span class='ocrx_word' id='word_1_83' title='bbox 187 886 265 920; x_wconf 88' lang='lat' dir='ltr'><strong>iam</strong></span> <span class='ocrx_word' id='word_1_84' title='bbox 273 883 426 921; x_wconf 90' lang='lat' dir='ltr'><strong>dudum</strong></span> <span class='ocrx_word' id='word_1_85' title='bbox 439 887 546 921; x_wconf 86' lang='lat' dir='ltr'><strong>enim</strong></span> <span class='ocrx_word' id='word_1_86' title='bbox 558 884 711 921; x_wconf 88' lang='lat' dir='ltr'><strong>amoliri</strong></span> <span class='ocrx_word' id='word_1_87' title='bbox 724 885 932 931; x_wconf 88' lang='lat' dir='ltr'><strong>cupiebam</strong></span> <span class='ocrx_word' id='word_1_88' title='bbox 945 885 1152 923; x_wconf 89' lang='lat' dir='ltr'><strong>custodem</strong></span> <span class='ocrx_word' id='word_1_89' title='bbox 1163 885 1390 930; x_wconf 86' lang='lat' dir='ltr'><strong>molestum,</strong></span> 
     </span>
     <span class='ocr_line' id='line_1_16' title="bbox 187 933 1386 978; baseline 0.002 -2"><span class='ocrx_word' id='word_1_90' title='bbox 187 944 234 976; x_wconf 86' lang='lat' dir='ltr'><strong>ut</strong></span> <span class='ocrx_word' id='word_1_91' title='bbox 252 943 431 976; x_wconf 88' lang='lat' dir='ltr'><strong>veterem</strong></span> <span class='ocrx_word' id='word_1_92' title='bbox 452 952 542 976; x_wconf 89' lang='lat' dir='ltr'><strong>cum</strong></span> <span class='ocrx_word' id='word_1_93' title='bbox 563 940 712 977; x_wconf 74' lang='lat' dir='ltr'><strong>Gitone</strong></span> <span class='ocrx_word' id='word_1_94' title='bbox 731 953 822 977; x_wconf 92' lang='lat' dir='ltr'><strong>meo</strong></span> <span class='ocrx_word' id='word_1_95' title='bbox 836 943 1032 978; x_wconf 87' lang='lat' dir='ltr'><strong>rationem</strong></span> <span class='ocrx_word' id='word_1_96' title='bbox 1046 933 1309 978; x_wconf 89' lang='lat' dir='ltr'><strong>reducerem.l</strong></span> <span class='ocrx_word' id='word_1_97' title='bbox 1322 970 1330 978; x_wconf 90' lang='lat'><strong><em>.</em></strong></span> <span class='ocrx_word' id='word_1_98' title='bbox 1350 970 1358 978; x_wconf 89' lang='lat'><strong>.</strong></span> <span class='ocrx_word' id='word_1_99' title='bbox 1378 970 1386 978; x_wconf 93' lang='lat'>.</span> 
     </span>
    </p>

    <p class='ocr_par' dir='ltr' id='par_1_6' title="bbox 186 994 1389 1648">
     <span class='ocr_line' id='line_1_17' title="bbox 245 994 1389 1042; baseline 0.002 -11"><span class='ocrx_word' id='word_1_100' title='bbox 245 994 458 1040; x_wconf 90' lang='lat' dir='ltr'><strong>Postquam</strong></span> <span class='ocrx_word' id='word_1_101' title='bbox 477 994 640 1032; x_wconf 88' lang='lat' dir='ltr'><strong>lustravi</strong></span> <span class='ocrx_word' id='word_1_102' title='bbox 667 995 790 1033; x_wconf 93' lang='lat' dir='ltr'><strong>oculis</strong></span> <span class='ocrx_word' id='word_1_103' title='bbox 817 1000 944 1033; x_wconf 88' lang='lat' dir='ltr'><strong>totam</strong></span> <span class='ocrx_word' id='word_1_104' title='bbox 971 996 1124 1042; x_wconf 89' lang='lat' dir='ltr'><strong>urbem,</strong></span> <span class='ocrx_word' id='word_1_105' title='bbox 1143 998 1186 1032; x_wconf 93' lang='lat' dir='ltr'><strong>in</strong></span> <span class='ocrx_word' id='word_1_106' title='bbox 1205 995 1389 1034; x_wconf 91' lang='lat' dir='ltr'><strong>cellulam</strong></span> 
     </span>
     <span class='ocr_line' id='line_1_18' title="bbox 187 1049 1388 1097; baseline 0.002 -11"><span class='ocrx_word' id='word_1_107' title='bbox 187 1049 301 1095; x_wconf 88' lang='lat' dir='ltr'><strong>redii,</strong></span> <span class='ocrx_word' id='word_1_108' title='bbox 321 1049 543 1096; x_wconf 90' lang='lat' dir='ltr'><strong>osculisque</strong></span> <span class='ocrx_word' id='word_1_109' title='bbox 563 1050 728 1088; x_wconf 85' lang='lat' dir='ltr'><strong>tandem</strong></span> <span class='ocrx_word' id='word_1_110' title='bbox 748 1051 852 1088; x_wconf 90' lang='lat' dir='ltr'><strong>bona</strong></span> <span class='ocrx_word' id='word_1_111' title='bbox 871 1050 949 1088; x_wconf 87' lang='lat' dir='ltr'><strong>fide</strong></span> <span class='ocrx_word' id='word_1_112' title='bbox 969 1053 1118 1088; x_wconf 87' lang='lat' dir='ltr'><strong>exactis</strong></span> <span class='ocrx_word' id='word_1_113' title='bbox 1137 1050 1258 1097; x_wconf 90' lang='lat' dir='ltr'><strong>alligo</strong></span> <span class='ocrx_word' id='word_1_114' title='bbox 1275 1053 1388 1089; x_wconf 84' lang='lat' dir='ltr'><strong>artis-</strong></span> 
     </span>
     <span class='ocr_line' id='line_1_19' title="bbox 188 1104 1388 1152; baseline 0.002 -11"><span class='ocrx_word' id='word_1_115' title='bbox 188 1107 295 1142; x_wconf 89' lang='lat' dir='ltr'><strong>simis</strong></span> <span class='ocrx_word' id='word_1_116' title='bbox 316 1104 587 1151; x_wconf 87' lang='lat' dir='ltr'><strong>complexibus</strong></span> <span class='ocrx_word' id='word_1_117' title='bbox 606 1118 775 1151; x_wconf 91' lang='lat' dir='ltr'><strong>puerum</strong></span> <span class='ocrx_word' id='word_1_118' title='bbox 794 1105 982 1152; x_wconf 87' lang='lat' dir='ltr'><strong>fruorque</strong></span> <span class='ocrx_word' id='word_1_119' title='bbox 1002 1108 1103 1143; x_wconf 91' lang='lat' dir='ltr'><strong>votis</strong></span> <span class='ocrx_word' id='word_1_120' title='bbox 1122 1119 1247 1152; x_wconf 91' lang='lat' dir='ltr'><strong>usque</strong></span> <span class='ocrx_word' id='word_1_121' title='bbox 1262 1106 1313 1143; x_wconf 88' lang='lat' dir='ltr'><strong>ad</strong></span> <span class='ocrx_word' id='word_1_122' title='bbox 1328 1109 1388 1143; x_wconf 90' lang='lat' dir='ltr'><strong>in-</strong></span> 
     </span>
     <span class='ocr_line' id='line_1_20' title="bbox 188 1159 1387 1207; baseline 0.002 -11"><span class='ocrx_word' id='word_1_123' title='bbox 188 1160 333 1197; x_wconf 88' lang='lat' dir='ltr'><strong>vidiam</strong></span> <span class='ocrx_word' id='word_1_124' title='bbox 349 1159 542 1198; x_wconf 86' lang='lat' dir='ltr'><strong>felicibus.</strong></span> <span class='ocrx_word' id='word_1_125' title='bbox 572 1160 659 1197; x_wconf 89' lang='lat' dir='ltr'><strong>Nec</strong></span> <span class='ocrx_word' id='word_1_126' title='bbox 673 1160 804 1198; x_wconf 88' lang='lat' dir='ltr'><strong>adhuc</strong></span> <span class='ocrx_word' id='word_1_127' title='bbox 819 1161 983 1206; x_wconf 91' lang='lat' dir='ltr'><strong>quidem</strong></span> <span class='ocrx_word' id='word_1_128' title='bbox 997 1163 1129 1198; x_wconf 86' lang='lat' dir='ltr'><strong>omnia</strong></span> <span class='ocrx_word' id='word_1_129' title='bbox 1141 1165 1256 1198; x_wconf 88' lang='lat' dir='ltr'><strong>erant</strong></span> <span class='ocrx_word' id='word_1_130' title='bbox 1269 1160 1387 1207; x_wconf 88' lang='lat' dir='ltr'><strong>facta,</strong></span> 
     </span>
     <span class='ocr_line' id='line_1_21' title="bbox 187 1214 1387 1262; baseline 0.001 -10"><span class='ocrx_word' id='word_1_131' title='bbox 187 1228 278 1252; x_wconf 90' lang='lat' dir='ltr'><strong>cum</strong></span> <span class='ocrx_word' id='word_1_132' title='bbox 299 1214 485 1261; x_wconf 89' lang='lat' dir='ltr'><strong>Ascyltos</strong></span> <span class='ocrx_word' id='word_1_133' title='bbox 514 1215 653 1252; x_wconf 88' lang='lat' dir='ltr'><strong>furtim</strong></span> <span class='ocrx_word' id='word_1_134' title='bbox 679 1229 721 1253; x_wconf 92' lang='lat' dir='ltr'><strong>se</strong></span> <span class='ocrx_word' id='word_1_135' title='bbox 747 1215 897 1253; x_wconf 89' lang='lat' dir='ltr'><strong>foribus</strong></span> <span class='ocrx_word' id='word_1_136' title='bbox 922 1215 1099 1253; x_wconf 87' lang='lat' dir='ltr'><strong>admovit</strong></span> <span class='ocrx_word' id='word_1_137' title='bbox 1124 1215 1387 1262; x_wconf 88' lang='lat' dir='ltr'><strong>discussisque</strong></span> 
     </span>
     <span class='ocr_line' id='line_1_22' title="bbox 188 1269 1383 1308; baseline 0.001 -1"><span class='ocrx_word' id='word_1_138' title='bbox 188 1270 401 1308; x_wconf 88' lang='lat' dir='ltr'><strong>fortissime</strong></span> <span class='ocrx_word' id='word_1_139' title='bbox 421 1270 601 1308; x_wconf 86' lang='lat' dir='ltr'><strong>claustris</strong></span> <span class='ocrx_word' id='word_1_140' title='bbox 627 1273 782 1308; x_wconf 90' lang='lat' dir='ltr'><strong>invenit</strong></span> <span class='ocrx_word' id='word_1_141' title='bbox 807 1283 872 1308; x_wconf 90' lang='lat' dir='ltr'><strong>me</strong></span> <span class='ocrx_word' id='word_1_142' title='bbox 899 1284 989 1308; x_wconf 93' lang='lat' dir='ltr'><strong>cum</strong></span> <span class='ocrx_word' id='word_1_143' title='bbox 1015 1270 1137 1308; x_wconf 87' lang='lat' dir='ltr'><strong>fratre</strong></span> <span class='ocrx_word' id='word_1_144' title='bbox 1163 1269 1383 1308; x_wconf 87' lang='lat' dir='ltr'><strong>ludentem.</strong></span> 
     </span>
     <span class='ocr_line' id='line_1_23' title="bbox 190 1325 1386 1388; baseline 0 -26"><span class='ocrx_word' id='word_1_145' title='bbox 190 1325 284 1363; x_wconf 87' lang='lat' dir='ltr'><strong>Risu</strong></span> <span class='ocrx_word' id='word_1_146' title='bbox 303 1328 439 1372; x_wconf 84' lang='lat' dir='ltr'><strong>itaque</strong></span> <span class='ocrx_word' id='word_1_147' title='bbox 458 1325 678 1388; x_wconf 90' lang='lat' dir='ltr'><strong>plausuque</strong></span> <span class='ocrx_word' id='word_1_148' title='bbox 698 1325 883 1363; x_wconf 87' lang='lat' dir='ltr'><strong>cellulam</strong></span> <span class='ocrx_word' id='word_1_149' title='bbox 904 1325 1099 1388; x_wconf 90' lang='lat' dir='ltr'><strong>implevit,</strong></span> <span class='ocrx_word' id='word_1_150' title='bbox 1119 1330 1303 1373; x_wconf 89' lang='lat' dir='ltr'><strong>opertum</strong></span> <span class='ocrx_word' id='word_1_151' title='bbox 1322 1339 1386 1363; x_wconf 93' lang='lat' dir='ltr'><strong>me</strong></span> 
     </span>
     <span class='ocr_line' id='line_1_24' title="bbox 187 1371 1387 1452; baseline 0 -34"><span class='ocrx_word' id='word_1_152' title='bbox 187 1380 356 1418; x_wconf 86' lang='lat' dir='ltr'><strong>amiculo</strong></span> <span class='ocrx_word' id='word_1_153' title='bbox 365 1380 513 1418; x_wconf 91' lang='lat' dir='ltr'><strong>evolvit</strong></span> <span class='ocrx_word' id='word_1_154' title='bbox 525 1371 588 1418; x_wconf 84' lang='lat' dir='ltr'><strong>et‘</strong></span> <span class='ocrx_word' id='word_1_155' title='bbox 591 1371 719 1427; x_wconf 79' lang='lat' dir='ltr'><strong>‘Quid</strong></span> <span class='ocrx_word' id='word_1_156' title='bbox 727 1381 904 1452; x_wconf 53' lang='lat' dir='ltr'><strong>agebas:</strong></span> <span class='ocrx_word' id='word_1_157' title='bbox 919 1372 1070 1427; x_wconf 84' lang='lat' dir='ltr'><strong>inquit‘</strong></span> <span class='ocrx_word' id='word_1_158' title='bbox 1073 1372 1387 1418; x_wconf 83' lang='lat' dir='ltr'><strong>‘fratersanctis-</strong></span> 
     </span>
     <span class='ocr_line' id='line_1_25' title="bbox 187 1428 1386 1482; baseline 0 -9"><span class='ocrx_word' id='word_1_159' title='bbox 187 1439 298 1482; x_wconf 91' lang='lat' dir='ltr'><strong>sime,</strong></span> <span class='ocrx_word' id='word_1_160' title='bbox 315 1438 383 1482; x_wconf 90' lang='lat' dir='ltr'><strong>qui</strong></span> <span class='ocrx_word' id='word_1_161' title='bbox 398 1436 542 1473; x_wconf 90' lang='lat' dir='ltr'><strong>diverti</strong></span> <span class='ocrx_word' id='word_1_162' title='bbox 558 1428 882 1473; x_wconf 84' lang='lat' dir='ltr'><strong>contubernium²</strong></span> <span class='ocrx_word' id='word_1_163' title='bbox 898 1435 1048 1473; x_wconf 84' lang='lat' dir='ltr'><strong>facis?’&#39;</strong></span> <span class='ocrx_word' id='word_1_164' title='bbox 1090 1436 1177 1473; x_wconf 89' lang='lat' dir='ltr'><strong>Nec</strong></span> <span class='ocrx_word' id='word_1_165' title='bbox 1197 1449 1239 1473; x_wconf 92' lang='lat' dir='ltr'><strong>se</strong></span> <span class='ocrx_word' id='word_1_166' title='bbox 1259 1435 1386 1473; x_wconf 89' lang='lat' dir='ltr'><strong>solum</strong></span> 
     </span>
     <span class='ocr_line' id='line_1_26' title="bbox 186 1490 1386 1537; baseline -0.001 -9"><span class='ocrx_word' id='word_1_167' title='bbox 186 1494 292 1528; x_wconf 89' lang='lat' dir='ltr'><strong>intra</strong></span> <span class='ocrx_word' id='word_1_168' title='bbox 310 1491 431 1528; x_wconf 88' lang='lat' dir='ltr'><strong>verba</strong></span> <span class='ocrx_word' id='word_1_169' title='bbox 450 1494 661 1537; x_wconf 88' lang='lat' dir='ltr'><strong>continuit,</strong></span> <span class='ocrx_word' id='word_1_170' title='bbox 681 1491 752 1529; x_wconf 89' lang='lat' dir='ltr'><strong>sed</strong></span> <span class='ocrx_word' id='word_1_171' title='bbox 771 1491 900 1528; x_wconf 88' lang='lat' dir='ltr'><strong>lorum</strong></span> <span class='ocrx_word' id='word_1_172' title='bbox 926 1490 977 1528; x_wconf 90' lang='lat' dir='ltr'><strong>de</strong></span> <span class='ocrx_word' id='word_1_173' title='bbox 1003 1504 1098 1537; x_wconf 88' lang='lat' dir='ltr'><strong>pera</strong></span> <span class='ocrx_word' id='word_1_174' title='bbox 1123 1490 1241 1528; x_wconf 90' lang='lat' dir='ltr'><strong>solvit</strong></span> <span class='ocrx_word' id='word_1_175' title='bbox 1259 1495 1303 1528; x_wconf 93' lang='lat' dir='ltr'><strong>et</strong></span> <span class='ocrx_word' id='word_1_176' title='bbox 1321 1503 1386 1527; x_wconf 92' lang='lat' dir='ltr'><strong>me</strong></span> 
     </span>
     <span class='ocr_line' id='line_1_27' title="bbox 187 1545 1386 1609; baseline -0.001 -26"><span class='ocrx_word' id='word_1_177' title='bbox 187 1549 320 1593; x_wconf 90' lang='lat' dir='ltr'><strong>coepit</strong></span> <span class='ocrx_word' id='word_1_178' title='bbox 357 1559 439 1583; x_wconf 88' lang='lat' dir='ltr'><strong>non</strong></span> <span class='ocrx_word' id='word_1_179' title='bbox 483 1546 755 1609; x_wconf 83' lang='lat' dir='ltr'><strong>perfunctorie</strong></span> <span class='ocrx_word' id='word_1_180' title='bbox 794 1546 1016 1592; x_wconf 88' lang='lat' dir='ltr'><strong>verberare,</strong></span> <span class='ocrx_word' id='word_1_181' title='bbox 1054 1545 1220 1583; x_wconf 87' lang='lat' dir='ltr'><strong>adiectis</strong></span> <span class='ocrx_word' id='word_1_182' title='bbox 1264 1548 1386 1582; x_wconf 89' lang='lat' dir='ltr'><strong>etiam</strong></span> 
     </span>
     <span class='ocr_line' id='line_1_28' title="bbox 186 1592 1332 1648; baseline -0.001 -10"><span class='ocrx_word' id='word_1_183' title='bbox 186 1601 460 1648; x_wconf 85' lang='lat' dir='ltr'><strong>petulantibus</strong></span> <span class='ocrx_word' id='word_1_184' title='bbox 472 1592 635 1639; x_wconf 85' lang='lat' dir='ltr'><strong>dictis:‘</strong></span> <span class='ocrx_word' id='word_1_185' title='bbox 638 1592 722 1640; x_wconf 85' lang='lat' dir='ltr'><strong>‘Sic</strong></span> <span class='ocrx_word' id='word_1_186' title='bbox 735 1601 912 1639; x_wconf 89' lang='lat' dir='ltr'><strong>dividere</strong></span> <span class='ocrx_word' id='word_1_187' title='bbox 926 1614 1017 1638; x_wconf 88' lang='lat' dir='ltr'><strong>eum</strong></span> <span class='ocrx_word' id='word_1_188' title='bbox 1029 1600 1150 1638; x_wconf 89' lang='lat' dir='ltr'><strong>fratre</strong></span> <span class='ocrx_word' id='word_1_189' title='bbox 1162 1600 1332 1637; x_wconf 68' lang='lat' dir='ltr'><strong>nolito’&#39;⁸</strong></span> 
     </span>
    </p>

    <p class='ocr_par' dir='ltr' id='par_1_7' title="bbox 182 1655 1385 1924">
     <span class='ocr_line' id='line_1_29' title="bbox 240 1655 1385 1701; baseline -0.003 -7"><span class='ocrx_word' id='word_1_190' title='bbox 240 1657 537 1694; x_wconf 91' lang='lat' dir='ltr'><strong>Veniebamus&#39;</strong></span> <span class='ocrx_word' id='word_1_191' title='bbox 527 1670 570 1693; x_wconf 83' lang='lat' dir='ltr'><strong>in</strong></span> <span class='ocrx_word' id='word_1_192' title='bbox 589 1656 718 1694; x_wconf 88' lang='lat' dir='ltr'><strong>forum</strong></span> <span class='ocrx_word' id='word_1_193' title='bbox 738 1656 951 1694; x_wconf 86' lang='lat' dir='ltr'><strong>deficiente</strong></span> <span class='ocrx_word' id='word_1_194' title='bbox 970 1659 1048 1692; x_wconf 91' lang='lat' dir='ltr'><strong>iam</strong></span> <span class='ocrx_word' id='word_1_195' title='bbox 1062 1655 1141 1701; x_wconf 89' lang='lat' dir='ltr'><strong>die,</strong></span> <span class='ocrx_word' id='word_1_196' title='bbox 1156 1658 1198 1692; x_wconf 92' lang='lat' dir='ltr'><strong>in</strong></span> <span class='ocrx_word' id='word_1_197' title='bbox 1217 1667 1296 1701; x_wconf 91' lang='lat' dir='ltr'><strong>quo</strong></span> <span class='ocrx_word' id='word_1_198' title='bbox 1314 1667 1385 1691; x_wconf 90' lang='lat' dir='ltr'><strong>no-</strong></span> 
     </span>
     <span class='ocr_line' id='line_1_30' title="bbox 185 1710 1384 1757; baseline -0.003 -8"><span class='ocrx_word' id='word_1_199' title='bbox 185 1715 355 1749; x_wconf 86' lang='lat' dir='ltr'><strong>tavimus</strong></span> <span class='ocrx_word' id='word_1_200' title='bbox 370 1711 638 1757; x_wconf 88' lang='lat' dir='ltr'><strong>frequentiam</strong></span> <span class='ocrx_word' id='word_1_201' title='bbox 653 1725 785 1748; x_wconf 90' lang='lat' dir='ltr'><strong>rerum</strong></span> <span class='ocrx_word' id='word_1_202' title='bbox 800 1711 1012 1756; x_wconf 87' lang='lat' dir='ltr'><strong>venalium,</strong></span> <span class='ocrx_word' id='word_1_203' title='bbox 1026 1723 1107 1748; x_wconf 92' lang='lat' dir='ltr'><strong>non</strong></span> <span class='ocrx_word' id='word_1_204' title='bbox 1121 1710 1284 1756; x_wconf 89' lang='lat' dir='ltr'><strong>quidem</strong></span> <span class='ocrx_word' id='word_1_205' title='bbox 1295 1722 1384 1756; x_wconf 90' lang='lat' dir='ltr'><strong>pre-</strong></span> 
     </span>
     <span class='ocr_line' id='line_1_31' title="bbox 184 1764 1384 1813; baseline -0.003 -9"><span class='ocrx_word' id='word_1_206' title='bbox 184 1770 373 1805; x_wconf 88' lang='lat' dir='ltr'><strong>tiosarum</strong></span> <span class='ocrx_word' id='word_1_207' title='bbox 393 1767 465 1804; x_wconf 92' lang='lat' dir='ltr'><strong>sed</strong></span> <span class='ocrx_word' id='word_1_208' title='bbox 483 1772 621 1804; x_wconf 84' lang='lat' dir='ltr'><strong>tamen</strong></span> <span class='ocrx_word' id='word_1_209' title='bbox 641 1779 806 1813; x_wconf 86' lang='lat' dir='ltr'><strong>quarum</strong></span> <span class='ocrx_word' id='word_1_210' title='bbox 834 1766 954 1803; x_wconf 90' lang='lat' dir='ltr'><strong>fidem</strong></span> <span class='ocrx_word' id='word_1_211' title='bbox 980 1765 1084 1803; x_wconf 87' lang='lat' dir='ltr'><strong>male</strong></span> <span class='ocrx_word' id='word_1_212' title='bbox 1111 1764 1384 1802; x_wconf 88' lang='lat' dir='ltr'><strong>ambulantem</strong></span> 
     </span>
     <span class='ocr_line' id='line_1_32' title="bbox 183 1821 1382 1868; baseline -0.003 -9"><span class='ocrx_word' id='word_1_213' title='bbox 183 1823 401 1860; x_wconf 89' lang='lat' dir='ltr'><strong>obscuritas</strong></span> <span class='ocrx_word' id='word_1_214' title='bbox 417 1824 607 1868; x_wconf 88' lang='lat' dir='ltr'><strong>temporis</strong></span> <span class='ocrx_word' id='word_1_215' title='bbox 622 1821 809 1859; x_wconf 90' lang='lat' dir='ltr'><strong>facillime</strong></span> <span class='ocrx_word' id='word_1_216' title='bbox 825 1825 995 1867; x_wconf 85' lang='lat' dir='ltr'><strong>tegeret.</strong></span> <span class='ocrx_word' id='word_1_217' title='bbox 1027 1821 1127 1858; x_wconf 92' lang='lat' dir='ltr'><strong>Cum</strong></span> <span class='ocrx_word' id='word_1_218' title='bbox 1142 1833 1238 1867; x_wconf 82' lang='lat' dir='ltr'><strong>ergo</strong></span> <span class='ocrx_word' id='word_1_219' title='bbox 1253 1824 1296 1857; x_wconf 89' lang='lat' dir='ltr'><strong>et</strong></span> <span class='ocrx_word' id='word_1_220' title='bbox 1309 1821 1382 1866; x_wconf 90' lang='lat' dir='ltr'><strong>ipsi</strong></span> 
     </span>
     <span class='ocr_line' id='line_1_33' title="bbox 182 1875 1383 1924; baseline -0.002 -10"><span class='ocrx_word' id='word_1_221' title='bbox 182 1882 341 1924; x_wconf 84' lang='lat' dir='ltr'><strong>raptum</strong></span> <span class='ocrx_word' id='word_1_222' title='bbox 359 1876 567 1914; x_wconf 85' lang='lat' dir='ltr'><strong>latrocinio</strong></span> <span class='ocrx_word' id='word_1_223' title='bbox 586 1876 750 1923; x_wconf 89' lang='lat' dir='ltr'><strong>pallium</strong></span> <span class='ocrx_word' id='word_1_224' title='bbox 777 1875 1071 1921; x_wconf 89' lang='lat' dir='ltr'><strong>detulissemus,</strong></span> <span class='ocrx_word' id='word_1_225' title='bbox 1091 1877 1151 1912; x_wconf 91' lang='lat' dir='ltr'><strong>uti</strong></span> <span class='ocrx_word' id='word_1_226' title='bbox 1179 1877 1383 1913; x_wconf 83' lang='lat' dir='ltr'><strong>occasione</strong></span> 
     </span>
    </p>
   </div>
   <div class='ocr_carea' id='block_1_5' title="bbox 182 1928 1384 1979">
    <p class='ocr_par' dir='ltr' id='par_1_8' title="bbox 182 1928 1384 1979">
     <span class='ocr_line' id='line_1_34' title="bbox 182 1928 1384 1979; baseline -0.003 -9"><span class='ocrx_word' id='word_1_227' title='bbox 182 1934 516 1979; x_wconf 88' lang='lat' dir='ltr'><strong>opportunissima</strong></span> <span class='ocrx_word' id='word_1_228' title='bbox 549 1934 751 1978; x_wconf 90' lang='lat' dir='ltr'><strong>coepimus</strong></span> <span class='ocrx_word' id='word_1_229' title='bbox 789 1935 910 1977; x_wconf 90' lang='lat' dir='ltr'><strong>atque</strong></span> <span class='ocrx_word' id='word_1_230' title='bbox 948 1933 990 1968; x_wconf 92' lang='lat' dir='ltr'><strong>in</strong></span> <span class='ocrx_word' id='word_1_231' title='bbox 1028 1930 1200 1977; x_wconf 89' lang='lat' dir='ltr'><strong>quodam</strong></span> <span class='ocrx_word' id='word_1_232' title='bbox 1237 1928 1384 1975; x_wconf 89' lang='lat' dir='ltr'><strong>angulo</strong></span> 
     </span>
    </p>
   </div>
   <div class='ocr_carea' id='block_1_6' title="bbox 181 2002 1380 2131">
    <p class='ocr_par' dir='ltr' id='par_1_9' title="bbox 181 2002 1380 2131">
     <span class='ocr_line' id='line_1_35' title="bbox 228 2002 932 2036; baseline -0.003 0"><span class='ocrx_word' id='word_1_233' title='bbox 228 2004 235 2022; x_wconf 94' lang='lat'>¹</span> <span class='ocrx_word' id='word_1_234' title='bbox 247 2004 450 2036; x_wconf 84' lang='lat' dir='ltr'><strong>reducerem</strong></span> <span class='ocrx_word' id='word_1_235' title='bbox 467 2003 684 2036; x_wconf 81' lang='lat' dir='ltr'><strong>Buecheler:</strong></span> <span class='ocrx_word' id='word_1_236' title='bbox 707 2002 932 2035; x_wconf 83' lang='lat' dir='ltr'><strong>deducerem.</strong></span> 
     </span>
     <span class='ocr_line' id='line_1_36' title="bbox 221 2051 1380 2131; baseline -0.003 -44"><span class='ocrx_word' id='word_1_237' title='bbox 221 2054 319 2131; x_wconf 49' lang='lat' dir='ltr'><strong>{qui-</strong></span> <span class='ocrx_word' id='word_1_238' title='bbox 331 2055 456 2087; x_wconf 84' lang='lat' dir='ltr'><strong>diverti</strong></span> <span class='ocrx_word' id='word_1_239' title='bbox 481 2054 750 2087; x_wconf 80' lang='lat' dir='ltr'><strong>contubernium</strong></span> <span class='ocrx_word' id='word_1_240' title='bbox 774 2053 989 2086; x_wconf 80' lang='lat' dir='ltr'><strong>Buecheler:</strong></span> <span class='ocrx_word' id='word_1_241' title='bbox 1023 2052 1107 2095; x_wconf 86' lang='lat' dir='ltr'><strong>quid</strong></span> <span class='ocrx_word' id='word_1_242' title='bbox 1125 2076 1133 2085; x_wconf 94' lang='lat'>.</span> <span class='ocrx_word' id='word_1_243' title='bbox 1150 2053 1159 2084; x_wconf 85' lang='lat' dir='ltr'><strong>i</strong></span> <span class='ocrx_word' id='word_1_244' title='bbox 1177 2076 1186 2085; x_wconf 87' lang='lat'>.</span> <span class='ocrx_word' id='word_1_245' title='bbox 1205 2051 1380 2085; x_wconf 73' lang='lat' dir='ltr'><strong>vet-ticon-</strong></span> 
     </span>
     <span class='ocr_line' id='line_1_37' title="bbox 181 2103 394 2131; baseline -0.005 0"><span class='ocrx_word' id='word_1_246' title='bbox 181 2103 219 2131; x_wconf 81' lang='lat' dir='ltr'><strong>tu</strong></span> <span class='ocrx_word' id='word_1_247' title='bbox 246 2110 394 2131; x_wconf 85' lang='lat' dir='ltr'><strong>ermum.</strong></span> 
     </span>
    </p>
   </div>
   <div class='ocr_carea' id='block_1_7' title="bbox 291 2154 342 2188">
    <p class='ocr_par' dir='ltr' id='par_1_10' title="bbox 291 2154 342 2188">
     <span class='ocr_line' id='line_1_38' title="bbox 291 2154 342 2188; baseline 0 0"><span class='ocrx_word' id='word_1_248' title='bbox 291 2154 342 2188; x_wconf 75' lang='lat'><strong>14·</strong></span> 
     </span>
    </p>
   </div>
   <div class='ocr_carea' id='block_1_8' title="bbox 1496 2093 1500 2192">
    <p class='ocr_par' dir='ltr' id='par_1_11' title="bbox 1496 2093 1500 2192">
     <span class='ocr_line' id='line_1_39' title="bbox 1496 2093 1500 2192; baseline 0 0"><span class='ocrx_word' id='word_1_249' title='bbox 1496 2093 1500 2192; x_wconf 72' lang='grc' dir='ltr'><strong>ἰ</strong></span> 
     </span>
    </p>
   </div>
  </div>
 </body>
</html>
