1534 2470
148 1154 195 1194 61

441 201 603 241 TITUS
635 201 946 241 PETRONIUS
974 201 1214 240 ARBITER

219 262 366 320 cidere.
416 283 506 320 Rati
527 295 623 329 ergo
642 295 796 320 sacrum
817 295 903 320 esse
918 281 1129 320 fericulum
1142 287 1226 320 tam
1240 281 1425 328 religioso

221 351 413 393 apparatu
433 346 651 393 perfusum,
667 349 983 383 consurreximus
1002 345 1120 383 altius
1136 351 1180 383 et
1195 336 1220 354 “
1228 345 1425 392 Augusto,

223 412 325 456 patri
354 412 519 456 patriae,
540 409 743 447 feliciter’'
774 409 955 447 diximus.
1015 408 1264 455 Quibusdam
1288 413 1426 446 tamen

225 477 347 512 etiam
375 478 466 520 post
493 473 597 510 hanc
626 476 925 510 venerationem
955 486 1073 520 poma
1105 473 1351 520 rapientibus
1384 477 1427 511 et

224 530 321 584 ipsil
349 551 511 584 mappas
531 537 796 584 implevimus,
813 550 888 582 ego
907 539 1133 583 praecipue,
1149 539 1216 583 qui
1226 536 1347 574 'nullo
1365 549 1424 574 sa-

225 604 276 640 tis
291 601 423 647 amplo
441 614 608 638 munere
628 601 818 647 putabam
836 613 901 637 me
921 613 1086 638 onerare
1107 600 1265 638 Gitonis
1283 603 1424 638 sinum.

283 665 396 702 Inter
415 663 514 702 haec
533 669 615 702 tres
635 666 748 710 pueri
768 663 956 701 candidas
975 666 1167 701 succincti
1189 666 1344 702 tunicas
1366 666 1426 701 in-

226 733 446 775 traverunt,
467 741 635 774 quorum
654 728 734 765 duo
760 727 882 765 Lares
908 727 1079 765 bullatos
1105 740 1224 774 super
1248 740 1428 765 mensam

227 797 458 840 posuerunt,
485 804 587 829 unus
614 796 793 838 pateram
819 793 901 828 vini
927 789 1210 828 circumferens
1231 780 1320 828 “dii
1338 803 1428 838 pro-

227 856 347 904 pitii”
370 855 576 893 clamabat.

229 920 377 957 Aiebat
402 924 538 956 autem
563 932 689 956 unum
715 918 952 964 Cerdonem,
971 918 1142 955 alterum
1173 917 1428 964 Felicionem,

229 981 394 1016 tertium
414 970 670 1015 Lucrionem2
688 980 828 1014 vocari.
870 977 952 1014 Nos
982 979 1103 1014 etiam
1131 989 1265 1014 veram
1290 979 1428 1022 imagi-

230 1051 324 1075 nem
349 1039 471 1083 ipsius
490 1035 805 1081 Trimalchionis,
832 1049 922 1072 eum
949 1037 1027 1072 iam
1054 1047 1190 1072 omnes
1217 1035 1428 1081 basiarent,

230 1096 459 1134 erubuimus
477 1097 704 1141 praeterire.

287 1154 501 1199 Postquam
530 1166 625 1199 ergo
654 1165 791 1190 omnes
820 1153 964 1189 bonam
994 1156 1175 1189 mentem
1205 1152 1423 1198 bonamque

230 1213 492 1251 valitudinem
520 1212 594 1249 sibi
622 1215 824 1258 optarunt,
853 1210 1092 1247 Trimalchio
1119 1210 1171 1248 ad
1198 1211 1423 1248 Nicerotem

230 1274 406 1318 respexit
421 1275 464 1308 et
479 1261 666 1307 “solebas
675 1270 697 1282 ”
714 1272 846 1316 inquit
861 1259 1050 1306 “suavius
1065 1282 1151 1306 esse
1165 1271 1208 1306 in
1223 1271 1406 1306 convictu
1419 1280 1430 1313 3

230 1333 366 1368 nescio
380 1329 477 1376 quid
490 1342 597 1366 nunc
611 1333 720 1366 taces
734 1341 810 1365 nec
825 1331 974 1365 muttis.
1035 1327 1117 1366 Oro
1130 1332 1187 1374 te,
1202 1330 1257 1365 sic
1271 1327 1430 1364 felicem

231 1402 296 1427 me
316 1389 463 1434 videas,
482 1401 598 1424 narra
616 1386 716 1424 illud
736 1386 841 1433 quod
861 1387 935 1424 tibi
961 1399 1035 1424 usu
1057 1387 1206 1423 venit.'¹
1266 1385 1430 1423 Niceros

232 1448 456 1486 delectatus
467 1446 699 1484 affabilitate
710 1448 827 1482 amici
840 1436 863 1453 “
872 1458 990 1482 omne
998 1457 1064 1482 me
1073 1445 1094 1458 '’
1105 1447 1236 1491 inquit
1245 1435 1270 1452 “
1277 1444 1430 1481 lucrum

232 1511 422 1552 transeat,
442 1508 518 1543 nisi
536 1508 615 1542 iam
635 1504 787 1542 dudum
805 1503 1060 1550 gaudimonio
1079 1503 1240 1549 dissilio,
1260 1502 1367 1549 quod
1385 1507 1428 1540 te

232 1566 357 1604 talem
375 1565 502 1602 video.
562 1563 704 1609 Itaque
723 1562 862 1599 hilaria
876 1575 985 1599 mera
999 1565 1091 1608 sint,
1108 1564 1184 1599 etsi
1198 1564 1321 1598 timeo
1335 1563 1431 1598 istos

233 1624 499 1669 scholasticos,
512 1635 564 1659 ne
579 1635 644 1659 me
659 1621 827 1658 rideant.
871 1620 1074 1657 Viderint:
1094 1621 1260 1657 narrabo
1274 1624 1431 1657 tamen:

233 1683 330 1730 quid
358 1685 466 1719 enim
493 1681 592 1718 mihi
620 1680 763 1726 aufert,
784 1682 852 1726 qui
880 1679 1009 1716 ridet?
1066 1678 1196 1717 Satius
1222 1683 1285 1716 est
1311 1677 1430 1715 rideri

233 1755 352 1789 quam
371 1740 582 1778 derideri.'’
627 1729 777 1775 “Haec
795 1739 864 1775 ubi
884 1738 991 1774 dicta
1009 1737 1161 1783 dedit,”
1177 1736 1300 1774 talem
1319 1736 1431 1773 fabu-

231 1801 312 1839 lam
331 1812 492 1837 exorsus
511 1803 592 1836 est:

288 1849 313 1866 “
322 1858 422 1896 Cum
436 1857 567 1894 adhuc
582 1858 782 1900 servirem,
797 1854 1073 1891 habitabamus
1087 1857 1128 1891 in
1143 1856 1229 1891 vico
1240 1858 1430 1900 angusto,

232 1931 340 1956 nunc
360 1915 538 1954 Gavillae
567 1914 707 1951 domus
735 1918 807 1950 est.
867 1911 941 1959 Ibi,
971 1912 1168 1959 quomodo
1196 1911 1252 1949 dii
1279 1911 1430 1957 volunt,

232 1989 364 2014 amare
387 1976 501 2021 coepi
524 1985 688 2010 uxorem
715 1971 894 2008 Terentii
918 1973 1098 2017 coponis:
1126 1972 1324 2008 noveratis
1344 1969 1431 2007 Me-

491 2044 584 2086 ¹ipsi
601 2043 798 2075 Heinsius:
823 2042 933 2084 ipsas.

492 2095 506 2115 ²
519 2095 728 2127 Lucrionem
743 2093 954 2126 Reinesius:
976 2093 1166 2125 lucronem.

345 2161 420 2195 112

1525 989 1534 1079 *mn
1528 973 1534 979 .
1530 951 1534 959 ..
1532 933 1534 938 .

1529 1327 1534 1357 -x
1524 1242 1534 1315 „un-n.
1528 1160 1534 1232 ,--ι,
