1534 2470
486 202 648 242 TITUS
679 203 992 244 PETRONIUS
1021 205 1260 244 ARBITER

266 281 374 319 unde
394 295 532 320 omnes
552 288 679 321 terras
698 289 820 331 atque
839 287 973 322 omnia
990 285 1108 323 litora
1126 290 1261 332 posset
1389 287 1469 322 280

265 373 442 416 aspicere
460 383 507 408 ac
526 375 614 408 toto
633 360 836 410 fluitantes
855 373 951 410 orbe
970 377 1160 420 catervas,

265 463 386 505 atque
406 458 477 496 has
498 462 672 506 erumpit
691 459 906 498 furibundo
925 466 1089 508 pectore
1107 473 1244 499 voces:

267 535 443 584 ‘Sumite
462 560 571 584 nunc
589 553 735 593 gentes
754 551 930 587 accensis
949 549 1152 587 mentibus
1171 562 1293 596 arma,

265 636 410 672 sumite
431 639 474 672 et
494 637 536 672 in
554 635 706 673 medias
725 639 933 675 immittite
951 637 1155 684 lampadas
1173 638 1302 675 urbes.

266 722 473 769 Vincetur,
493 725 720 770 quicunque
739 724 862 770 latet3
890 738 972 762 non
995 724 1145 762 femina
1164 729 1307 771 cesset,

265 823 347 847 non
366 823 467 857 puer
485 815 556 848 aut
574 824 672 848 aevo
691 814 770 849 iam
791 811 969 850 desolata
988 817 1199 858 senectus3

265 901 350 946 ipsa
368 903 517 936 tremat
535 899 657 937 tellus
676 899 927 947 lacerataque
947 905 1057 938 tecta
1075 900 1284 938 rebellent.

265 985 327 1023 Tu
346 985 494 1033 legem,
515 986 720 1033 Marcelle,
740 992 848 1025 tene.
894 987 954 1025 Tu
975 992 1144 1026 concute
1163 988 1338 1035 plebem,

267 1074 393 1111 Curio.
437 1073 498 1111 Tu
519 1073 665 1112 fortem
683 1087 736 1113 ne
756 1078 971 1122 supprime,
992 1075 1179 1122 Lentule,
1200 1076 1383 1114 Martem.

267 1161 376 1208 Quid
394 1174 511 1208 porro
529 1166 589 1208 tu,
609 1162 713 1208 dive,
733 1165 813 1199 tuis
833 1165 1029 1200 cunctaris
1048 1165 1090 1199 in
1109 1166 1239 1209 armis,
1389 1164 1468 1205 290

265 1258 347 1283 non
366 1244 516 1291 frangis
535 1250 681 1292 portas,
697 1259 779 1283 non
798 1249 919 1284 muris
939 1246 1085 1293 oppida
1103 1246 1220 1284 solvis

266 1329 553 1375 thesaurosque
573 1330 706 1375 rapis?
736 1330 876 1366 Nescis
895 1334 954 1375 tu,
970 1329 1133 1375 Magne,
1148 1331 1252 1367 tueri

269 1413 464 1451 Romanas
484 1413 618 1450 arces?
663 1412 876 1458 Epidamni
895 1415 1054 1449 moenia
1073 1425 1219 1459 quaere

267 1494 595 1541 Thessalicosque
615 1497 723 1532 sinus
742 1494 917 1532 humano
937 1497 1130 1541 sanguine
1149 1495 1316 1541 tingue!

322 1578 488 1616 Factum
509 1583 571 1615 est
589 1580 632 1614 in
651 1580 780 1623 terris,
801 1577 989 1623 quicquid
1010 1577 1216 1615 Discordia
1234 1578 1386 1616 iussit.”

321 1661 422 1699 Cum
448 1660 547 1698 haec
575 1659 791 1706 Eumolpos
811 1663 968 1706 ingenti
988 1660 1237 1697 volubilitate
1260 1661 1469 1699 verborum

266 1744 482 1788 effudisset,
509 1743 675 1780 tandem
707 1743 879 1780 Crotona
909 1745 1150 1780 intravimus.
1203 1743 1283 1781 Ubi
1306 1742 1468 1789 quidem

266 1839 386 1874 parvo
402 1826 628 1863 deversorio
643 1824 798 1870 refecti,
812 1830 972 1871 postero
986 1824 1052 1862 die
1066 1825 1266 1871 amplioris
1286 1824 1469 1863 fortunae

264 1911 428 1948 domum
440 1913 679 1955 quaerentes
692 1908 902 1945 incidimus
917 1911 959 1944 in
974 1908 1131 1945 turbam
1146 1907 1468 1954 heredipetarum

265 1995 567 2038 sciscitantium,
587 1990 694 2037 quod
717 2003 845 2036 genus
872 1990 1078 2027 hominum
1097 1995 1167 2027 aut
1186 1990 1294 2028 unde
1314 1992 1466 2028 venire-

262 2089 360 2115 mus.
387 2075 449 2112 Ex
460 2076 704 2121 praescripto
717 2086 812 2119 ergo
825 2072 977 2110 consilii
992 2075 1211 2110 communis
1226 2077 1464 2119 exaggerata

370 2154 450 2191 274
514 2175 516 2179 ν
