1534 2470
351 211 518 250 TITUS
549 209 872 251 PETRONIUS,
891 209 1130 247 ARBITER

248 297 299 336 95
321 291 478 330 P.L.M.

168 353 219 387 22
250 349 397 387 Omnia
416 360 518 394 quae
536 349 699 384 miseras
719 352 886 394 possunt
906 347 1018 386 finire
1037 349 1247 398 querellas,

357 406 401 440 in
419 407 607 450 promptu
627 402 753 439 voluit
772 403 964 441 candidus
984 417 1070 442 esse
1089 404 1198 443 deus.

250 459 339 496 Vile
358 458 475 496 holus
495 462 538 495 et
556 457 665 495 duris
684 456 892 495 haerentia
911 471 1020 496 mora
1038 460 1190 498 rubetis

357 506 591 560 pungentisl
611 512 805 550 stomachi
823 526 1079 560 composuere
1099 514 1256 554 famem.

252 569 434 607 Flumine
450 571 580 605 vicino
599 567 745 605 stultus
765 571 862 614 sitit,
879 573 922 606 et
941 563 1062 615 riget2
1082 582 1177 607 euro

361 637 452 661 cum
471 623 621 660 calidus
641 623 779 669 tepido
799 629 990 661 consonat
1008 627 1102 670 igne
1122 618 1258 663 focus⁸.

252 679 336 717 Lex
356 683 508 716 armata
526 678 642 716 sedet
662 680 810 715 circum
829 678 914 715 fera
932 678 1070 716 limina
1087 685 1258 726 nuptae:

361 734 419 771 nil
437 736 584 771 metuit
602 733 714 770 licito
733 733 820 770 fusa
838 733 972 780 puella
990 739 1088 771 toro.

252 789 372 836 Quod
391 792 534 827 satiare
554 793 688 835 potest
707 788 818 826 dives
837 793 979 826 natura
997 791 1216 835 ministrat;

361 844 469 892 quod
489 843 609 881 docet
627 837 811 881 infrenis4
829 843 955 890 gloria
973 844 1051 882 fine
1071 849 1190 882 caret.

253 1003 305 1049 96
325 1003 481 1042 P.L.M.

173 1065 223 1099 23
255 1060 397 1098 Militis
417 1062 459 1096 in
478 1059 594 1105 galea
613 1058 753 1096 nidum
773 1058 906 1096 fecere
926 1059 1152 1097 columbae:

361 1119 528 1162 apparet
547 1114 669 1151 Marti
688 1127 807 1160 quam
826 1116 878 1151 sit
896 1117 1021 1151 amica
1040 1115 1184 1152 Venus.
1229 1119 1233 1122 '

174 1286 224 1318 24
255 1280 426 1318 Iudaeus
445 1279 542 1316 licet
562 1284 605 1316 et
623 1281 830 1325 porcinum
849 1292 999 1316 numen
1018 1279 1158 1317 adoret

363 1340 406 1372 et
425 1334 526 1372 caeli
545 1347 716 1371 summas
734 1334 903 1371 advocet
921 1334 1126 1379 auriculas,

253 1394 296 1428 ni
314 1396 452 1428 tamen
471 1394 514 1427 et
533 1389 638 1426 ferro
657 1388 870 1426 succiderit
888 1391 1062 1435 inguinis
1080 1402 1188 1426 oram

364 1450 406 1482 et
425 1447 502 1482 nisi
521 1444 714 1481 nodatum
733 1444 896 1482 solverit
913 1449 999 1481 arte
1019 1449 1150 1491 caput,

254 1505 464 1546 exemptus
483 1499 630 1546 populo
649 1491 774 1536 sacra⁵
792 1500 981 1545 migrabit
999 1499 1049 1536 ab
1068 1500 1166 1537 urbe

363 1560 406 1593 et
424 1567 506 1592 non
525 1557 658 1592 ieiuna
677 1554 840 1591 sabbata
859 1554 950 1600 lege
969 1546 1156 1600 premet.⁶

174 1725 223 1758 25
254 1664 633 1759 {Sufssizllffoffilitas
652 1723 1012 1765 argumentumque
1032 1718 1171 1756 coloris

362 1777 529 1821 ingenui
547 1774 707 1812 timidas
726 1787 808 1811 non
827 1773 1010 1811 habuisse
1030 1785 1179 1810 manus.

296 1886 303 1904 ¹
318 1884 511 1927 pungentis
527 1884 651 1915 Dousa
666 1897 677 1915 .-
699 1883 896 1925 pugnantis
922 1882 970 1916 W.

295 1928 353 1960 ²et
371 1929 464 1969 riget
480 1925 592 1958 Binet
604 1940 614 1957 .-
637 1927 762 1968 effugit
788 1927 834 1958 W.

294 1971 419 2003 *focus
435 1968 627 2002 Buecheler
638 1983 648 2001 :
671 1980 782 2011 rogus
804 1970 851 2001 W

295 2014 465 2046 ⁴infrenis
482 2012 615 2045 Binet:
637 2013 781 2044 inferius
806 2012 853 2044 W

294 2057 307 2077 ⁶
319 2068 427 2090 sacra
443 2055 626 2089 Baehrens
637 2067 651 2088 .·
673 2057 778 2097 graia
804 2056 851 2087 W.

295 2100 310 2122 ⁸
317 2105 455 2144 premet
479 2101 527 2133 W.
533 2123 544 2139 ‚
557 2099 713 2142 perhaps
727 2101 870 2140 corrupt
884 2111 894 2129 .·
915 2102 1042 2130 tremet
1060 2096 1257 2131 Buecheler.

365 2150 443 2190 856
