1534 2470
138 1096 188 1130 80

439 184 602 224 TITUS
633 186 945 226 PETRONIUS
974 187 1214 226 ARBITER

215 266 301 301 sine
316 277 434 302 causa
447 265 627 311 gratulor
641 265 749 304 mihi.
785 266 889 304 Nam
905 279 996 304 cum
1011 267 1162 305 solutus
1178 279 1290 306 mero
1304 269 1422 306 remi-

216 314 369 357 sisseml
397 321 526 358 ebrias
545 334 700 367 manus,
722 322 923 368 Ascyltos,
944 325 1071 360 omnis
1090 325 1256 360 iniuriae
1282 325 1423 360 inven-

215 379 290 421 tor,
307 375 497 413 subduxit
509 376 607 413 mihi
622 381 742 414 nocte
758 390 927 423 puerum
939 382 983 415 et
994 380 1037 415 in
1051 377 1202 415 lectum
1216 377 1423 416 transtulit

215 443 343 476 suum,
370 431 651 477 volutatusque
679 431 841 469 liberius
868 445 959 469 cum
984 433 1107 470 fratre
1135 446 1217 470 non
1235 446 1318 479 suo,
1339 435 1421 471 sive

215 498 297 522 non
323 489 527 523 sentiente
553 489 738 523 iniuriam
765 490 848 524 sive
874 487 1163 533 dissimulante,
1191 488 1422 526 indormivit

215 540 356 578 alienis
382 541 630 587 amplexibus
655 541 801 579 oblitus
827 545 921 580 iuris
948 542 1123 580 humani.
1182 542 1324 589 Itaque
1345 556 1423 589 ego

216 601 262 633 ut
275 601 531 642 experrectus
543 597 939 643 pertrectavigaudio
951 597 1217 644 despoliatum
1229 603 1376 635 torum.
1389 627 1397 635 .
1410 627 1418 635 .

217 651 259 689 Si
278 664 355 697 qua
375 657 437 688 est
455 652 681 689 amantibus
702 652 813 698 fides,
830 665 906 698 ego
926 652 1117 699 dubitavi,
1136 666 1188 689 an
1207 658 1421 699 utrumque

215 709 426 744 traicerem
445 706 579 752 gladio
595 720 857 753 somnumque
871 710 990 745 morti
1002 710 1221 753 iungerem.
1280 708 1422 746 Tutius

216 761 311 798 dein
335 767 494 799 secutus
521 762 729 799 consilium
755 762 903 799 Gitona
922 762 1085 808 quidem
1104 763 1334 800 verberibus
1354 776 1403 800 ex
1444 805 1446 807 ,

217 819 348 862 citavi,
362 816 557 862 Ascylton
575 822 711 855 autem
731 820 834 854 truci
854 819 1016 855 intuens
1030 817 1144 855 vultu
1160 809 1187 826 ‘⁸
1199 820 1383 863 quoniam
1398 817 1420 831 '⁹

215 874 378 918 inquam
415 863 558 909 ‘fidem
583 872 734 909 scelere
761 872 916 909 violasti
943 878 986 910 et
1011 886 1263 910 communem
1288 876 1422 910 amici-

215 930 327 972 tiam,
344 940 407 964 res
426 931 515 965 tuas
535 930 643 965 ocius
658 926 756 964 tolle
773 933 815 964 et
830 927 951 964 alium
963 927 1108 974 locum,
1122 940 1242 974 quem
1257 927 1424 974 polluas,

216 981 402 1029 quaerel’

273 1038 365 1074 Non
398 1040 638 1084 repugnavit
676 1036 759 1083 ille,
798 1037 869 1075 sed
907 1042 1118 1083 postquam
1155 1039 1305 1083 optima
1343 1037 1422 1075 fide

227 1095 366 1138 partiti
402 1093 607 1130 manubias
652 1105 798 1138 sumus,
855 1083 974 1137 ‘age'
1029 1094 1160 1138 inquit
1198 1083 1341 1129 “nunc
1379 1097 1422 1130 et

218 1161 387 1194 puerum
425 1148 655 1185 dividamus.
662 1147 684 1159 ”
744 1147 870 1184 Iocari
907 1148 1098 1193 putabam
1131 1147 1417 1184 discedentem.

218 1203 276 1240 At
312 1202 381 1239 ille
413 1202 596 1264 gladium
624 1202 846 1248 parricidali
877 1215 998 1239 manu
1035 1205 1196 1239 strinxit
1228 1207 1271 1239 et
1339 1215 1419 1239 non

219 1255 398 1295 frueris”
419 1260 551 1303 inquit
586 1248 683 1294 hac
702 1257 862 1304 praeda,
883 1270 1001 1303 super
1016 1270 1135 1302 quam
1149 1256 1279 1295 solus*
1268 1270 1420 1294 incum-

219 1313 288 1350 bis.
349 1318 506 1359 partem
536 1326 667 1349 meam
697 1325 861 1350 necesse
892 1317 955 1349 est
984 1312 1048 1348 vel
1073 1312 1149 1349 hoc
1174 1312 1308 1357 gladio
1328 1325 1420 1349 con-

217 1373 397 1414 temptus
416 1361 675 1405 abscidam.”2
705 1367 819 1405 Idem
838 1380 915 1413 ego
935 1380 983 1404 ex
1003 1366 1129 1403 altera
1147 1372 1260 1413 parte
1279 1366 1363 1404 feci
1377 1372 1419 1404 et

218 1426 368 1461 intorto
389 1426 491 1460 circa
510 1422 714 1459 brachium
727 1422 846 1468 pallio
862 1424 1062 1468 composui
1077 1422 1128 1459 ad
1143 1422 1419 1468 proeliandum

217 1479 396 1524 gradum.
457 1477 571 1514 Inter
581 1477 685 1514 hanc
697 1480 929 1514 miserorum
941 1477 1185 1514 dementiam
1198 1476 1418 1514 infelicissi-

218 1546 306 1570 mus
361 1546 460 1580 puer
510 1534 705 1578 tangebat
751 1535 957 1578 utriusque
1004 1544 1138 1577 genua
1184 1544 1275 1568 cum
1320 1531 1416 1569 fletu

218 1589 464 1634 petebatque
503 1587 748 1634 suppliciter,
786 1600 838 1624 ne
880 1586 1116 1623 Thebanum
1152 1599 1223 1632 par
1258 1585 1418 1623 humilis

217 1644 385 1680 taberna
404 1648 617 1689 spectaret,
640 1655 743 1679 neve
770 1644 962 1687 sanguine
986 1646 1126 1678 mutuo
1151 1641 1415 1687 pollueremus

217 1698 496 1735 familiaritatis
532 1698 767 1734 clarissimae
802 1709 919 1734 sacra.
979 1686 1138 1742 “Quod
1173 1699 1205 1732 si
1239 1695 1415 1741 utique”

217 1753 487 1800 proclamabat
514 1743 538 1760 '
551 1752 726 1789 facinore
752 1764 850 1797 opus
874 1756 948 1796 est,
972 1751 1081 1788 nudo
1105 1763 1198 1788 ecce
1223 1750 1415 1796 iugulum,

217 1811 439 1845 convertite
451 1807 531 1844 huc
543 1819 695 1852 manus,
711 1809 926 1852 imprimite
941 1818 1159 1842 mucrones.
1219 1805 1305 1850 Ego
1317 1807 1415 1842 mori

217 1863 358 1908 debeo,
368 1865 436 1909 qui
444 1865 640 1899 amicitiae
650 1866 939 1898 sacramentum
949 1860 1105 1897 delevi.’
1097 1860 1119 1873 ’³
1170 1859 1416 1897 Inhibuimus

215 1917 366 1955 ferrum
384 1922 475 1964 post
492 1917 564 1954 has
583 1929 733 1963 preces,
750 1921 792 1953 et
807 1918 912 1961 prior
928 1905 1135 1960 Ascyltos‘
1139 1905 1258 1960 ‘ego’
1265 1917 1415 1960 'inquit

217 1965 375 2010 “finem
401 1972 620 2010 discordiae
646 1974 859 2017 imponam.
921 1970 1024 2007 Puer
1050 1972 1148 2015 ipse,
1175 1982 1294 2015 quem
1318 1969 1411 2014 vult.

450 2043 690 2075 ¹remisissem
701 2042 848 2082 Jacobs:
870 2042 1083 2072 amisissem.

445 2085 694 2127 ²contemptus
710 2086 920 2116 Burmann:
943 2088 1141 2115 contentus.

331 2142 404 2177 158
