1534 2470
459 197 620 237 TITUS
651 198 964 238 PETRONIUS
993 199 1232 238 ARBl’lEss

237 278 411 325 exempli
431 278 581 316 femina
603 279 654 316 ab
682 279 866 318 omnibus
894 282 1081 326 quintum
1109 282 1188 318 iam
1216 279 1325 318 diem
1353 283 1439 320 sine

235 341 428 379 alimento
447 341 644 380 trahebat.
690 342 906 380 Assidebat
920 356 1064 389 aegrae
1078 343 1267 382 fidissima
1281 344 1439 391 ancilla,

236 405 434 452 simulque
449 410 493 443 et
507 405 686 443 lacrimas
702 406 979 444 commodabat
993 406 1164 453 lugenti,
1180 411 1223 444 et
1237 410 1439 454 quotiens-

237 481 394 515 cunque
433 468 638 507 defecerat
684 472 859 516 positum
905 472 947 507 in
994 475 1256 508 monumento
1301 470 1439 509 lumen

235 532 461 570 renovabat.
530 532 622 570 Una
649 534 772 578 igitur
799 535 842 570 in
870 538 958 570 tota
985 536 1147 571 civitate
1175 533 1311 571 fabula
1339 538 1438 581 erat,

235 595 363 634 solum
386 595 486 633 illud
508 595 698 633 affulsisse
722 608 860 633 verum
883 595 1100 642 pudicitiae
1122 599 1345 643 amorisque
1371 609 1439 635 ex-

236 658 414 705 emplum
446 662 574 696 omnis
607 659 756 696 ordinis
792 658 974 697 homines
1008 659 1314 707 confitebantur,
1347 673 1438 698 eum

235 724 397 759 interim
422 725 638 768 imperator
663 725 888 769 provinciae
914 722 1088 760 latrones
1116 725 1231 760 iussit
1256 723 1437 761 crucibus

234 785 338 832 affigi
358 785 578 823 secundum
597 785 706 822 illam
732 785 918 832 casulam,
941 788 983 823 in
1007 799 1085 832 qua
1107 799 1247 823 recens
1271 786 1439 824 cadaver

235 853 416 886 matrona
444 848 627 886 deflebat.
697 849 877 886 Proxima
905 862 1001 895 ergo
1029 854 1162 895 nocte,
1192 862 1281 887 cum
1310 849 1438 896 miles,

235 915 303 958 qui
329 925 465 949 cruces
491 912 728 957 asservabat,
754 925 807 949 ne
835 915 921 958 quis
947 911 999 949 ad
1025 912 1270 959 sepulturam
1296 925 1438 959 corpus

235 974 482 1021 detraheret,
500 980 679 1012 notasset
699 975 772 1012 sibi
793 965 871 1021 [et]
894 975 1031 1012 lumen
1051 978 1158 1013 inter
1176 980 1438 1013 monumenta

236 1038 377 1076 clarius
411 1038 570 1084 fulgens
605 1043 647 1075 et
679 1041 876 1084 gemitum
909 1038 1086 1085 lugentis
1119 1038 1308 1085 audisset,
1341 1041 1438 1076 vitio

234 1104 368 1148 gentis
388 1101 586 1139 humanae
607 1104 809 1148 concupiit
829 1104 942 1148 scire,
963 1104 1050 1148 quis
1069 1106 1139 1139 aut
1159 1101 1255 1148 quid
1273 1101 1434 1140 faceret.

237 1164 459 1203 Descendit
481 1167 604 1211 igitur
623 1167 666 1202 in
690 1164 967 1211 conditorium,
988 1167 1150 1211 visaque
1172 1164 1438 1211 pulcherrima

235 1228 402 1266 muliere
440 1230 568 1274 primo
606 1231 716 1274 quasi
760 1228 931 1274 quodam
972 1233 1150 1266 monstro
1191 1228 1438 1274 infernisque

234 1292 473 1338 imaginibus
502 1291 685 1329 turbatus
714 1292 903 1328 substitit.
965 1291 1126 1329 Deinde
1154 1296 1201 1329 ut
1228 1296 1272 1329 et
1297 1304 1438 1338 corpus

234 1358 401 1392 iacentis
425 1357 633 1401 conspexit
657 1359 700 1392 et
721 1354 902 1392 lacrimas
928 1354 1193 1392 consideravit
1215 1353 1437 1401 faciemque

235 1419 435 1465 unguibus
458 1423 623 1464 sectam,
646 1423 755 1455 ratus
780 1417 933 1455 scilicet
958 1417 999 1454 id
1026 1417 1133 1464 quod
1158 1422 1256 1463 erat,
1281 1417 1436 1455 deside-

235 1485 338 1519 rium
376 1484 546 1519 extincti
584 1494 665 1518 non
703 1494 817 1528 posse
856 1480 1048 1518 feminam
1085 1483 1182 1527 pati,
1220 1480 1358 1518 attulit
1395 1483 1437 1518 in

234 1550 541 1582 monumentum
561 1544 745 1582 cenulam
766 1557 876 1582 suam
896 1547 1108 1591 coepitque
1127 1543 1277 1581 hortari
1295 1543 1436 1590 lugen-

235 1613 332 1654 tem,
365 1621 418 1645 ne
452 1613 726 1654 perseveraret
758 1610 800 1644 in
829 1607 965 1645 dolore
993 1620 1235 1653 supervacuo
1262 1620 1308 1644 ac
1336 1606 1436 1644 nihil

235 1670 443 1717 profuturo
466 1673 621 1716 gemitu
645 1674 787 1716 pectus
813 1668 1043 1706 diduceret:
1062 1671 1239 1705 omnium
1262 1668 1436 1706 eundem

236 1741 323 1766 esse
344 1732 496 1766 exitum
513 1719 618 1774 [sed]
636 1733 678 1765 et
692 1728 800 1764 idem
815 1727 1072 1772 domicilium,
1089 1731 1131 1763 et
1146 1731 1280 1763 cetera
1294 1727 1436 1772 quibus

236 1787 488 1825 exulceratae
507 1792 665 1824 mentes
685 1786 736 1823 ad
756 1789 968 1823 sanitatem
988 1790 1233 1822 revocantur.
1292 1784 1350 1821 At
1369 1784 1436 1821 illa

235 1849 374 1892 ignota
407 1845 676 1883 consolatione
711 1857 896 1891 percussa
933 1843 1121 1881 laceravit
1158 1842 1435 1880 vehementius

235 1909 376 1951 pectus
389 1909 605 1951 ruptosque
619 1906 747 1940 crines
760 1915 878 1949 super
891 1893 1046 1948 corpus1
1059 1904 1224 1938 iacentis
1236 1903 1432 1947 imposuit.

236 1963 329 2000 Non
358 1966 522 2000 recessit
552 1967 689 1999 tamen
719 1961 847 2007 miles,
878 1960 949 1997 sed
983 1959 1125 1997 eadem
1158 1959 1434 1997 exhortatione

236 2024 448 2068 temptavit
468 2021 562 2058 dare
586 2019 842 2057 mulierculae
866 2019 1011 2063 cibum,
1037 2017 1164 2054 donec
1187 2017 1330 2053 ancilla
1353 2019 1433 2053 vini

558 2099 711 2142 ¹azorpus
726 2100 841 2132 Nodot
851 2110 864 2130 .·
879 2105 1016 2140 peetus.

344 2157 423 2190 230

1523 1446 1534 1488 m:
1522 1185 1534 1438 nx—...a-a-m—-a-..um
1525 936 1534 1159 ...ηΑ-ω-ι--ιι-
1528 915 1534 926 -
1528 869 1534 877 a
