<?xml version="1.0" encoding="UTF-8"?>
<!DOCTYPE html PUBLIC "-//W3C//DTD XHTML 1.0 Transitional//EN"
    "http://www.w3.org/TR/xhtml1/DTD/xhtml1-transitional.dtd">
<html xmlns="http://www.w3.org/1999/xhtml" xml:lang="en" lang="en">
 <head>
  <title>
</title>
<meta http-equiv="Content-Type" content="text/html;charset=utf-8" />
  <meta name='ocr-system' content='tesseract 3.04.00' />
  <meta name='ocr-capabilities' content='ocr_page ocr_carea ocr_par ocr_line ocrx_word'/>
</head>
<body>
  <div class='ocr_page' id='page_1' title='image "./petronius00petruoft_0076.png"; bbox 0 0 1500 2470; ppageno 0'>
   <div class='ocr_carea' id='block_1_1' title="bbox 133 729 182 763">
    <p class='ocr_par' dir='ltr' id='par_1_1' title="bbox 133 729 182 763">
     <span class='ocr_line' id='line_1_1' title="bbox 133 729 182 763; baseline -0.02 0"><span class='ocrx_word' id='word_1_1' title='bbox 133 729 182 763; x_wconf 82' lang='lat'><strong>33</strong></span> 
     </span>
    </p>
   </div>
   <div class='ocr_carea' id='block_1_2' title="bbox 433 203 1206 243">
    <p class='ocr_par' dir='ltr' id='par_1_2' title="bbox 433 203 1206 243">
     <span class='ocr_line' id='line_1_2' title="bbox 433 203 1206 243; baseline 0.003 -3"><span class='ocrx_word' id='word_1_2' title='bbox 433 203 594 241; x_wconf 91' lang='lat' dir='ltr'><strong>TITUS</strong></span> <span class='ocrx_word' id='word_1_3' title='bbox 626 203 937 243; x_wconf 87' lang='lat' dir='ltr'>PETRONIUS</span> <span class='ocrx_word' id='word_1_4' title='bbox 967 204 1206 242; x_wconf 88' lang='lat' dir='ltr'><strong>ARBITER</strong></span> 
     </span>
    </p>
   </div>
   <div class='ocr_carea' id='block_1_3' title="bbox 210 281 1421 1786">
    <p class='ocr_par' dir='ltr' id='par_1_3' title="bbox 210 281 1421 1786">
     <span class='ocr_line' id='line_1_3' title="bbox 213 281 1421 331; baseline 0.003 -13"><span class='ocrx_word' id='word_1_5' title='bbox 213 281 375 320; x_wconf 88' lang='lat' dir='ltr'><strong>fimbriis</strong></span> <span class='ocrx_word' id='word_1_6' title='bbox 390 282 485 320; x_wconf 89' lang='lat' dir='ltr'><strong>hinc</strong></span> <span class='ocrx_word' id='word_1_7' title='bbox 500 287 622 329; x_wconf 88' lang='lat' dir='ltr'><strong>atque</strong></span> <span class='ocrx_word' id='word_1_8' title='bbox 637 283 747 321; x_wconf 90' lang='lat' dir='ltr'><strong>illinc</strong></span> <span class='ocrx_word' id='word_1_9' title='bbox 762 284 1043 331; x_wconf 86' lang='lat' dir='ltr'>pendentibus.</span> <span class='ocrx_word' id='word_1_10' title='bbox 1087 285 1279 322; x_wconf 82' lang='lat' dir='ltr'>Habebat</span> <span class='ocrx_word' id='word_1_11' title='bbox 1293 287 1421 322; x_wconf 73' lang='lat' dir='ltr'><strong>etiam‘</strong></span> 
     </span>
     <span class='ocr_line' id='line_1_4' title="bbox 213 346 1416 394; baseline 0.004 -13"><span class='ocrx_word' id='word_1_12' title='bbox 213 347 254 382; x_wconf 93' lang='lat' dir='ltr'><strong>in</strong></span> <span class='ocrx_word' id='word_1_13' title='bbox 284 348 450 383; x_wconf 91' lang='lat' dir='ltr'><strong>minimo</strong></span> <span class='ocrx_word' id='word_1_14' title='bbox 480 346 608 392; x_wconf 81' lang='lat' dir='ltr'>digito</span> <span class='ocrx_word' id='word_1_15' title='bbox 638 349 820 385; x_wconf 84' lang='lat' dir='ltr'>sinistrae</span> <span class='ocrx_word' id='word_1_16' title='bbox 853 361 993 386; x_wconf 89' lang='lat' dir='ltr'><strong>manus</strong></span> <span class='ocrx_word' id='word_1_17' title='bbox 1026 347 1190 386; x_wconf 90' lang='lat' dir='ltr'><strong>anulum</strong></span> <span class='ocrx_word' id='word_1_18' title='bbox 1221 348 1416 394; x_wconf 87' lang='lat' dir='ltr'>grandem</span> 
     </span>
     <span class='ocr_line' id='line_1_5' title="bbox 211 409 1418 458; baseline 0.002 -12"><span class='ocrx_word' id='word_1_19' title='bbox 211 409 482 456; x_wconf 87' lang='lat' dir='ltr'><strong>subauratum,</strong></span> <span class='ocrx_word' id='word_1_20' title='bbox 514 415 695 448; x_wconf 88' lang='lat' dir='ltr'><strong>extremo</strong></span> <span class='ocrx_word' id='word_1_21' title='bbox 729 424 822 448; x_wconf 88' lang='lat' dir='ltr'><strong>vero</strong></span> <span class='ocrx_word' id='word_1_22' title='bbox 854 411 1022 449; x_wconf 88' lang='lat' dir='ltr'><strong>articulo</strong></span> <span class='ocrx_word' id='word_1_23' title='bbox 1059 411 1177 458; x_wconf 83' lang='lat' dir='ltr'><strong>digiti</strong></span> <span class='ocrx_word' id='word_1_24' title='bbox 1214 414 1418 458; x_wconf 87' lang='lat' dir='ltr'><strong>sequentis</strong></span> 
     </span>
     <span class='ocr_line' id='line_1_6' title="bbox 212 473 1417 522; baseline 0.002 -13"><span class='ocrx_word' id='word_1_25' title='bbox 212 474 420 519; x_wconf 85' lang='lat' dir='ltr'>minorem,</span> <span class='ocrx_word' id='word_1_26' title='bbox 442 478 488 510; x_wconf 95' lang='lat' dir='ltr'><strong>ut</strong></span> <span class='ocrx_word' id='word_1_27' title='bbox 507 473 605 510; x_wconf 87' lang='lat' dir='ltr'><strong>mihi</strong></span> <span class='ocrx_word' id='word_1_28' title='bbox 625 474 848 521; x_wconf 90' lang='lat' dir='ltr'><strong>videbatur,</strong></span> <span class='ocrx_word' id='word_1_29' title='bbox 867 479 1000 512; x_wconf 89' lang='lat' dir='ltr'><strong>totum</strong></span> <span class='ocrx_word' id='word_1_30' title='bbox 1019 488 1196 521; x_wconf 90' lang='lat' dir='ltr'><strong>aureum,</strong></span> <span class='ocrx_word' id='word_1_31' title='bbox 1212 474 1283 513; x_wconf 93' lang='lat' dir='ltr'><strong>sed</strong></span> <span class='ocrx_word' id='word_1_32' title='bbox 1298 474 1417 522; x_wconf 89' lang='lat' dir='ltr'><strong>plane</strong></span> 
     </span>
     <span class='ocr_line' id='line_1_7' title="bbox 214 530 1419 576; baseline 0.002 -3"><span class='ocrx_word' id='word_1_33' title='bbox 214 535 353 574; x_wconf 86' lang='lat' dir='ltr'><strong>ferreis</strong></span> <span class='ocrx_word' id='word_1_34' title='bbox 373 536 498 574; x_wconf 93' lang='lat' dir='ltr'><strong>veluti</strong></span> <span class='ocrx_word' id='word_1_35' title='bbox 517 537 644 574; x_wconf 84' lang='lat' dir='ltr'><strong>stellis</strong></span> <span class='ocrx_word' id='word_1_36' title='bbox 664 530 979 575; x_wconf 85' lang='lat' dir='ltr'><strong>ferruminatum.</strong></span> <span class='ocrx_word' id='word_1_37' title='bbox 1030 538 1084 575; x_wconf 93' lang='lat' dir='ltr'><strong>Et</strong></span> <span class='ocrx_word' id='word_1_38' title='bbox 1103 552 1155 576; x_wconf 90' lang='lat' dir='ltr'><strong>ne</strong></span> <span class='ocrx_word' id='word_1_39' title='bbox 1175 538 1245 576; x_wconf 84' lang='lat' dir='ltr'><strong>has</strong></span> <span class='ocrx_word' id='word_1_40' title='bbox 1260 543 1419 576; x_wconf 81' lang='lat' dir='ltr'><strong>tantum</strong></span> 
     </span>
     <span class='ocr_line' id='line_1_8' title="bbox 213 599 1418 646; baseline 0.002 -10"><span class='ocrx_word' id='word_1_41' title='bbox 213 599 448 637; x_wconf 86' lang='lat' dir='ltr'><strong>ostenderet</strong></span> <span class='ocrx_word' id='word_1_42' title='bbox 467 600 638 646; x_wconf 87' lang='lat' dir='ltr'><strong>divitias,</strong></span> <span class='ocrx_word' id='word_1_43' title='bbox 659 600 846 638; x_wconf 86' lang='lat' dir='ltr'><strong>dextrum</strong></span> <span class='ocrx_word' id='word_1_44' title='bbox 866 601 1033 638; x_wconf 91' lang='lat' dir='ltr'><strong>nudavit</strong></span> <span class='ocrx_word' id='word_1_45' title='bbox 1051 601 1247 639; x_wconf 88' lang='lat' dir='ltr'><strong>lacertum</strong></span> <span class='ocrx_word' id='word_1_46' title='bbox 1265 601 1418 638; x_wconf 85' lang='lat' dir='ltr'>armilla</span> 
     </span>
     <span class='ocr_line' id='line_1_9' title="bbox 212 663 1417 711; baseline 0.002 -12"><span class='ocrx_word' id='word_1_47' title='bbox 212 675 332 700; x_wconf 90' lang='lat' dir='ltr'><strong>aurea</strong></span> <span class='ocrx_word' id='word_1_48' title='bbox 365 663 518 700; x_wconf 91' lang='lat' dir='ltr'><strong>cultum</strong></span> <span class='ocrx_word' id='word_1_49' title='bbox 552 668 595 701; x_wconf 91' lang='lat' dir='ltr'><strong>et</strong></span> <span class='ocrx_word' id='word_1_50' title='bbox 629 664 774 701; x_wconf 91' lang='lat' dir='ltr'><strong>eboreo</strong></span> <span class='ocrx_word' id='word_1_51' title='bbox 808 664 954 701; x_wconf 92' lang='lat' dir='ltr'><strong>circulo</strong></span> <span class='ocrx_word' id='word_1_52' title='bbox 992 665 1139 701; x_wconf 88' lang='lat' dir='ltr'><strong>lamina</strong></span> <span class='ocrx_word' id='word_1_53' title='bbox 1176 664 1417 711; x_wconf 81' lang='lat' dir='ltr'><strong>splendente</strong></span> 
     </span>
     <span class='ocr_line' id='line_1_10' title="bbox 213 727 1416 783; baseline 0.002 -20"><span class='ocrx_word' id='word_1_54' title='bbox 213 739 374 763; x_wconf 90' lang='lat' dir='ltr'><strong>conexo.</strong></span> <span class='ocrx_word' id='word_1_55' title='bbox 437 727 495 764; x_wconf 90' lang='lat' dir='ltr'><strong>Ut</strong></span> <span class='ocrx_word' id='word_1_56' title='bbox 521 727 669 764; x_wconf 92' lang='lat' dir='ltr'><strong>deinde</strong></span> <span class='ocrx_word' id='word_1_57' title='bbox 696 730 819 774; x_wconf 89' lang='lat' dir='ltr'><strong>pinna</strong></span> <span class='ocrx_word' id='word_1_58' title='bbox 844 733 1036 774; x_wconf 87' lang='lat' dir='ltr'><strong>argentea</strong></span> <span class='ocrx_word' id='word_1_59' title='bbox 1061 728 1206 783; x_wconf 80' lang='lat' dir='ltr'><strong>dentes</strong></span> <span class='ocrx_word' id='word_1_60' title='bbox 1228 728 1416 775; x_wconf 86' lang='lat' dir='ltr'><strong>perfodit,</strong></span> 
     </span>
     <span class='ocr_line' id='line_1_11' title="bbox 213 780 1418 836; baseline 0.002 -10"><span class='ocrx_word' id='word_1_61' title='bbox 213 780 379 827; x_wconf 79' lang='lat' dir='ltr'><strong>“Amici</strong></span> <span class='ocrx_word' id='word_1_62' title='bbox 389 791 410 803; x_wconf 93' lang='lat'><strong>’&#39;</strong></span> <span class='ocrx_word' id='word_1_63' title='bbox 429 793 560 836; x_wconf 88' lang='lat' dir='ltr'><strong>inquit</strong></span> <span class='ocrx_word' id='word_1_64' title='bbox 573 781 785 828; x_wconf 75' lang='lat' dir='ltr'><strong>“nondum</strong></span> <span class='ocrx_word' id='word_1_65' title='bbox 797 791 895 828; x_wconf 90' lang='lat' dir='ltr'><strong>mihi</strong></span> <span class='ocrx_word' id='word_1_66' title='bbox 910 804 1028 829; x_wconf 90' lang='lat' dir='ltr'><strong>suave</strong></span> <span class='ocrx_word' id='word_1_67' title='bbox 1045 796 1131 829; x_wconf 88' lang='lat' dir='ltr'><strong>erat</strong></span> <span class='ocrx_word' id='word_1_68' title='bbox 1144 794 1186 828; x_wconf 92' lang='lat' dir='ltr'><strong>in</strong></span> <span class='ocrx_word' id='word_1_69' title='bbox 1201 791 1418 829; x_wconf 88' lang='lat' dir='ltr'><strong>triclinium</strong></span> 
     </span>
     <span class='ocr_line' id='line_1_12' title="bbox 213 854 1416 901; baseline 0.001 -11"><span class='ocrx_word' id='word_1_70' title='bbox 213 856 363 899; x_wconf 89' lang='lat' dir='ltr'><strong>venire,</strong></span> <span class='ocrx_word' id='word_1_71' title='bbox 384 854 456 891; x_wconf 92' lang='lat' dir='ltr'><strong>sed</strong></span> <span class='ocrx_word' id='word_1_72' title='bbox 479 867 531 891; x_wconf 93' lang='lat' dir='ltr'><strong>ne</strong></span> <span class='ocrx_word' id='word_1_73' title='bbox 555 854 705 891; x_wconf 91' lang='lat' dir='ltr'><strong>diutius</strong></span> <span class='ocrx_word' id='word_1_74' title='bbox 727 855 954 892; x_wconf 88' lang='lat' dir='ltr'><strong>absentivos</strong></span> <span class='ocrx_word' id='word_1_75' title='bbox 980 868 1114 892; x_wconf 89' lang='lat' dir='ltr'><strong>morae</strong></span> <span class='ocrx_word' id='word_1_76' title='bbox 1139 855 1250 892; x_wconf 89' lang='lat' dir='ltr'><strong>vobis</strong></span> <span class='ocrx_word' id='word_1_77' title='bbox 1275 868 1416 901; x_wconf 89' lang='lat' dir='ltr'><strong>essem,</strong></span> 
     </span>
     <span class='ocr_line' id='line_1_13' title="bbox 213 917 1416 964; baseline 0.002 -11"><span class='ocrx_word' id='word_1_78' title='bbox 213 930 374 954; x_wconf 89' lang='lat' dir='ltr'><strong>omnem</strong></span> <span class='ocrx_word' id='word_1_79' title='bbox 397 917 647 963; x_wconf 89' lang='lat' dir='ltr'><strong>voluptatem</strong></span> <span class='ocrx_word' id='word_1_80' title='bbox 670 917 769 954; x_wconf 92' lang='lat' dir='ltr'><strong>mihi</strong></span> <span class='ocrx_word' id='word_1_81' title='bbox 792 921 946 964; x_wconf 88' lang='lat' dir='ltr'><strong>negavi.</strong></span> <span class='ocrx_word' id='word_1_82' title='bbox 1008 918 1255 955; x_wconf 89' lang='lat' dir='ltr'><strong>Permittetis</strong></span> <span class='ocrx_word' id='word_1_83' title='bbox 1280 922 1416 955; x_wconf 82' lang='lat' dir='ltr'><strong>tamen</strong></span> 
     </span>
     <span class='ocr_line' id='line_1_14' title="bbox 213 980 1415 1027; baseline 0.001 -10"><span class='ocrx_word' id='word_1_84' title='bbox 213 980 316 1017; x_wconf 87' lang='lat' dir='ltr'><strong>finiri</strong></span> <span class='ocrx_word' id='word_1_85' title='bbox 336 981 505 1018; x_wconf 87' lang='lat' dir='ltr'><strong>lusum.&#39;&#39;</strong></span> <span class='ocrx_word' id='word_1_86' title='bbox 565 981 815 1027; x_wconf 85' lang='lat' dir='ltr'><strong>Sequebatur</strong></span> <span class='ocrx_word' id='word_1_87' title='bbox 838 994 937 1027; x_wconf 91' lang='lat' dir='ltr'><strong>puer</strong></span> <span class='ocrx_word' id='word_1_88' title='bbox 963 995 1054 1018; x_wconf 92' lang='lat' dir='ltr'><strong>cum</strong></span> <span class='ocrx_word' id='word_1_89' title='bbox 1080 981 1216 1019; x_wconf 88' lang='lat' dir='ltr'><strong>tabula</strong></span> <span class='ocrx_word' id='word_1_90' title='bbox 1240 981 1415 1018; x_wconf 90' lang='lat' dir='ltr'><strong>terebin-</strong></span> 
     </span>
     <span class='ocr_line' id='line_1_15' title="bbox 213 1043 1414 1090; baseline 0.001 -10"><span class='ocrx_word' id='word_1_91' title='bbox 213 1043 328 1081; x_wconf 87' lang='lat' dir='ltr'><strong>thina</strong></span> <span class='ocrx_word' id='word_1_92' title='bbox 354 1049 397 1081; x_wconf 90' lang='lat' dir='ltr'><strong>et</strong></span> <span class='ocrx_word' id='word_1_93' title='bbox 425 1044 662 1090; x_wconf 84' lang='lat' dir='ltr'><strong>crystallinis</strong></span> <span class='ocrx_word' id='word_1_94' title='bbox 688 1047 861 1090; x_wconf 88' lang='lat' dir='ltr'><strong>tesseris,</strong></span> <span class='ocrx_word' id='word_1_95' title='bbox 887 1047 1101 1090; x_wconf 86' lang='lat' dir='ltr'><strong>notavique</strong></span> <span class='ocrx_word' id='word_1_96' title='bbox 1127 1057 1212 1082; x_wconf 90' lang='lat' dir='ltr'><strong>rem</strong></span> <span class='ocrx_word' id='word_1_97' title='bbox 1238 1047 1414 1082; x_wconf 91' lang='lat' dir='ltr'><strong>omnium</strong></span> 
     </span>
     <span class='ocr_line' id='line_1_16' title="bbox 213 1107 1413 1154; baseline 0 -10"><span class='ocrx_word' id='word_1_98' title='bbox 213 1107 545 1144; x_wconf 82' lang='lat' dir='ltr'><strong>delicatissimam.</strong></span> <span class='ocrx_word' id='word_1_99' title='bbox 615 1107 689 1144; x_wconf 88' lang='lat' dir='ltr'><strong>Pro</strong></span> <span class='ocrx_word' id='word_1_100' title='bbox 727 1107 887 1144; x_wconf 91' lang='lat' dir='ltr'><strong>calculis</strong></span> <span class='ocrx_word' id='word_1_101' title='bbox 925 1110 1034 1146; x_wconf 92' lang='lat' dir='ltr'><strong>enim</strong></span> <span class='ocrx_word' id='word_1_102' title='bbox 1070 1107 1170 1145; x_wconf 87' lang='lat' dir='ltr'><strong>albis</strong></span> <span class='ocrx_word' id='word_1_103' title='bbox 1206 1120 1253 1144; x_wconf 90' lang='lat' dir='ltr'><strong>ac</strong></span> <span class='ocrx_word' id='word_1_104' title='bbox 1289 1110 1413 1154; x_wconf 83' lang='lat' dir='ltr'><strong>nigris</strong></span> 
     </span>
     <span class='ocr_line' id='line_1_17' title="bbox 213 1169 1412 1216; baseline 0.001 -9"><span class='ocrx_word' id='word_1_105' title='bbox 213 1183 352 1207; x_wconf 87' lang='lat' dir='ltr'><strong>aureos</strong></span> <span class='ocrx_word' id='word_1_106' title='bbox 370 1175 662 1216; x_wconf 86' lang='lat' dir='ltr'><strong>argenteosque</strong></span> <span class='ocrx_word' id='word_1_107' title='bbox 682 1169 857 1206; x_wconf 85' lang='lat' dir='ltr'><strong>habebat</strong></span> <span class='ocrx_word' id='word_1_108' title='bbox 876 1170 1069 1208; x_wconf 88' lang='lat' dir='ltr'><strong>denarios.</strong></span> <span class='ocrx_word' id='word_1_109' title='bbox 1129 1170 1297 1208; x_wconf 85' lang='lat' dir='ltr'><strong>Interim</strong></span> <span class='ocrx_word' id='word_1_110' title='bbox 1316 1170 1412 1208; x_wconf 90' lang='lat' dir='ltr'><strong>dum</strong></span> 
     </span>
     <span class='ocr_line' id='line_1_18' title="bbox 214 1233 1411 1281; baseline 0.002 -11"><span class='ocrx_word' id='word_1_111' title='bbox 214 1233 282 1270; x_wconf 93' lang='lat' dir='ltr'><strong>ille</strong></span> <span class='ocrx_word' id='word_1_112' title='bbox 315 1236 493 1270; x_wconf 90' lang='lat' dir='ltr'><strong>omnium</strong></span> <span class='ocrx_word' id='word_1_113' title='bbox 526 1238 729 1270; x_wconf 88' lang='lat' dir='ltr'><strong>textorum</strong></span> <span class='ocrx_word' id='word_1_114' title='bbox 763 1233 870 1270; x_wconf 88' lang='lat' dir='ltr'><strong>dicta</strong></span> <span class='ocrx_word' id='word_1_115' title='bbox 902 1235 1009 1270; x_wconf 87' lang='lat' dir='ltr'><strong>inter</strong></span> <span class='ocrx_word' id='word_1_116' title='bbox 1041 1233 1172 1270; x_wconf 91' lang='lat' dir='ltr'><strong>lusum</strong></span> <span class='ocrx_word' id='word_1_117' title='bbox 1202 1237 1411 1281; x_wconf 89' lang='lat' dir='ltr'><strong>consumit,</strong></span> 
     </span>
     <span class='ocr_line' id='line_1_19' title="bbox 212 1295 1410 1342; baseline 0.001 -9"><span class='ocrx_word' id='word_1_118' title='bbox 212 1296 466 1342; x_wconf 87' lang='lat' dir='ltr'><strong>gustantibus</strong></span> <span class='ocrx_word' id='word_1_119' title='bbox 486 1295 616 1332; x_wconf 88' lang='lat' dir='ltr'><strong>adhuc</strong></span> <span class='ocrx_word' id='word_1_120' title='bbox 636 1296 750 1332; x_wconf 90' lang='lat' dir='ltr'><strong>nobis</strong></span> <span class='ocrx_word' id='word_1_121' title='bbox 769 1298 1047 1342; x_wconf 90' lang='lat' dir='ltr'><strong>repositorium</strong></span> <span class='ocrx_word' id='word_1_122' title='bbox 1066 1296 1230 1333; x_wconf 89' lang='lat' dir='ltr'><strong>allatum</strong></span> <span class='ocrx_word' id='word_1_123' title='bbox 1245 1301 1308 1334; x_wconf 86' lang='lat' dir='ltr'><strong>est</strong></span> <span class='ocrx_word' id='word_1_124' title='bbox 1321 1311 1410 1334; x_wconf 90' lang='lat' dir='ltr'><strong>cum</strong></span> 
     </span>
     <span class='ocr_line' id='line_1_20' title="bbox 213 1359 1411 1406; baseline 0.002 -10"><span class='ocrx_word' id='word_1_125' title='bbox 213 1360 345 1406; x_wconf 88' lang='lat' dir='ltr'><strong>corbe,</strong></span> <span class='ocrx_word' id='word_1_126' title='bbox 365 1362 407 1396; x_wconf 92' lang='lat' dir='ltr'><strong>in</strong></span> <span class='ocrx_word' id='word_1_127' title='bbox 427 1373 505 1405; x_wconf 92' lang='lat' dir='ltr'><strong>quo</strong></span> <span class='ocrx_word' id='word_1_128' title='bbox 525 1359 673 1404; x_wconf 86' lang='lat' dir='ltr'><strong>gallina</strong></span> <span class='ocrx_word' id='word_1_129' title='bbox 697 1364 783 1396; x_wconf 88' lang='lat' dir='ltr'><strong>erat</strong></span> <span class='ocrx_word' id='word_1_130' title='bbox 805 1359 939 1405; x_wconf 89' lang='lat' dir='ltr'><strong>lignea</strong></span> <span class='ocrx_word' id='word_1_131' title='bbox 958 1360 1188 1405; x_wconf 87' lang='lat' dir='ltr'><strong>patentibus</strong></span> <span class='ocrx_word' id='word_1_132' title='bbox 1211 1362 1253 1396; x_wconf 93' lang='lat' dir='ltr'><strong>in</strong></span> <span class='ocrx_word' id='word_1_133' title='bbox 1276 1361 1411 1398; x_wconf 90' lang='lat' dir='ltr'><strong>orbem</strong></span> 
     </span>
     <span class='ocr_line' id='line_1_21' title="bbox 212 1422 1414 1468; baseline 0.002 -9"><span class='ocrx_word' id='word_1_134' title='bbox 212 1422 296 1468; x_wconf 85' lang='lat' dir='ltr'><strong>alis,</strong></span> <span class='ocrx_word' id='word_1_135' title='bbox 318 1422 455 1468; x_wconf 86' lang='lat' dir='ltr'><strong>quales</strong></span> <span class='ocrx_word' id='word_1_136' title='bbox 476 1435 562 1459; x_wconf 93' lang='lat' dir='ltr'><strong>esse</strong></span> <span class='ocrx_word' id='word_1_137' title='bbox 583 1422 715 1458; x_wconf 88' lang='lat' dir='ltr'><strong>solent</strong></span> <span class='ocrx_word' id='word_1_138' title='bbox 735 1435 835 1467; x_wconf 90' lang='lat' dir='ltr'><strong>quae</strong></span> <span class='ocrx_word' id='word_1_139' title='bbox 856 1422 1050 1459; x_wconf 91' lang='lat' dir='ltr'><strong>incubant</strong></span> <span class='ocrx_word' id='word_1_140' title='bbox 1069 1435 1151 1460; x_wconf 86' lang='lat' dir='ltr'><strong>ova.</strong></span> <span class='ocrx_word' id='word_1_141' title='bbox 1197 1422 1414 1461; x_wconf 87' lang='lat' dir='ltr'><strong>Accessere</strong></span> 
     </span>
     <span class='ocr_line' id='line_1_22' title="bbox 212 1485 1412 1532; baseline 0.001 -9"><span class='ocrx_word' id='word_1_142' title='bbox 212 1489 404 1523; x_wconf 89' lang='lat' dir='ltr'><strong>continuo</strong></span> <span class='ocrx_word' id='word_1_143' title='bbox 430 1485 510 1522; x_wconf 93' lang='lat' dir='ltr'><strong>duo</strong></span> <span class='ocrx_word' id='word_1_144' title='bbox 539 1488 639 1522; x_wconf 88' lang='lat' dir='ltr'><strong>servi</strong></span> <span class='ocrx_word' id='word_1_145' title='bbox 671 1490 713 1522; x_wconf 92' lang='lat' dir='ltr'><strong>et</strong></span> <span class='ocrx_word' id='word_1_146' title='bbox 744 1485 979 1531; x_wconf 88' lang='lat' dir='ltr'><strong>symphonia</strong></span> <span class='ocrx_word' id='word_1_147' title='bbox 1010 1490 1217 1532; x_wconf 88' lang='lat' dir='ltr'><strong>strepente</strong></span> <span class='ocrx_word' id='word_1_148' title='bbox 1247 1489 1412 1524; x_wconf 84' lang='lat' dir='ltr'><strong>scrutari</strong></span> 
     </span>
     <span class='ocr_line' id='line_1_23' title="bbox 211 1549 1412 1596; baseline 0 -10"><span class='ocrx_word' id='word_1_149' title='bbox 211 1550 367 1596; x_wconf 88' lang='lat' dir='ltr'><strong>paleam</strong></span> <span class='ocrx_word' id='word_1_150' title='bbox 401 1553 620 1595; x_wconf 89' lang='lat' dir='ltr'><strong>coeperunt</strong></span> <span class='ocrx_word' id='word_1_151' title='bbox 662 1554 855 1594; x_wconf 84' lang='lat' dir='ltr'><strong>erutaque</strong></span> <span class='ocrx_word' id='word_1_152' title='bbox 894 1549 1062 1586; x_wconf 91' lang='lat' dir='ltr'><strong>subinde</strong></span> <span class='ocrx_word' id='word_1_153' title='bbox 1104 1551 1300 1595; x_wconf 88' lang='lat' dir='ltr'><strong>pavonina</strong></span> <span class='ocrx_word' id='word_1_154' title='bbox 1338 1563 1412 1587; x_wconf 88' lang='lat' dir='ltr'><strong>ova</strong></span> 
     </span>
     <span class='ocr_line' id='line_1_24' title="bbox 210 1612 1410 1650; baseline -0.001 0"><span class='ocrx_word' id='word_1_155' title='bbox 210 1613 379 1650; x_wconf 88' lang='lat' dir='ltr'><strong>divisere</strong></span> <span class='ocrx_word' id='word_1_156' title='bbox 400 1614 584 1649; x_wconf 89' lang='lat' dir='ltr'><strong>convivis.</strong></span> <span class='ocrx_word' id='word_1_157' title='bbox 635 1612 842 1649; x_wconf 90' lang='lat' dir='ltr'><strong>Convertit</strong></span> <span class='ocrx_word' id='word_1_158' title='bbox 860 1612 911 1649; x_wconf 87' lang='lat' dir='ltr'><strong>ad</strong></span> <span class='ocrx_word' id='word_1_159' title='bbox 931 1612 1032 1649; x_wconf 92' lang='lat' dir='ltr'><strong>hanc</strong></span> <span class='ocrx_word' id='word_1_160' title='bbox 1048 1625 1231 1649; x_wconf 89' lang='lat' dir='ltr'><strong>scaenam</strong></span> <span class='ocrx_word' id='word_1_161' title='bbox 1245 1612 1410 1650; x_wconf 90' lang='lat' dir='ltr'><strong>Trimal-</strong></span> 
     </span>
     <span class='ocr_line' id='line_1_25' title="bbox 211 1665 1409 1721; baseline 0.001 -9"><span class='ocrx_word' id='word_1_162' title='bbox 211 1675 301 1712; x_wconf 91' lang='lat' dir='ltr'><strong>chio</strong></span> <span class='ocrx_word' id='word_1_163' title='bbox 316 1675 471 1712; x_wconf 90' lang='lat' dir='ltr'><strong>vultum</strong></span> <span class='ocrx_word' id='word_1_164' title='bbox 488 1680 530 1712; x_wconf 92' lang='lat' dir='ltr'><strong>et</strong></span> <span class='ocrx_word' id='word_1_165' title='bbox 545 1665 709 1711; x_wconf 77' lang='lat' dir='ltr'><strong>“Amici</strong></span> <span class='ocrx_word' id='word_1_166' title='bbox 720 1676 741 1688; x_wconf 94' lang='lat'>”</span> <span class='ocrx_word' id='word_1_167' title='bbox 758 1677 816 1712; x_wconf 90' lang='lat' dir='ltr'><strong>ait</strong></span> <span class='ocrx_word' id='word_1_168' title='bbox 831 1665 1026 1721; x_wconf 80' lang='lat' dir='ltr'><strong>“pavonis</strong></span> <span class='ocrx_word' id='word_1_169' title='bbox 1042 1688 1114 1712; x_wconf 90' lang='lat' dir='ltr'><strong>ova</strong></span> <span class='ocrx_word' id='word_1_170' title='bbox 1128 1675 1300 1721; x_wconf 85' lang='lat' dir='ltr'><strong>gallinae</strong></span> <span class='ocrx_word' id='word_1_171' title='bbox 1315 1678 1409 1713; x_wconf 93' lang='lat' dir='ltr'><strong>iussi</strong></span> 
     </span>
     <span class='ocr_line' id='line_1_26' title="bbox 210 1737 1408 1786; baseline -0.002 -10"><span class='ocrx_word' id='word_1_172' title='bbox 210 1741 390 1786; x_wconf 92' lang='lat' dir='ltr'><strong>supponi.</strong></span> <span class='ocrx_word' id='word_1_173' title='bbox 450 1738 504 1775; x_wconf 91' lang='lat' dir='ltr'><strong>Et</strong></span> <span class='ocrx_word' id='word_1_174' title='bbox 523 1737 773 1775; x_wconf 87' lang='lat' dir='ltr'><strong>mehercules</strong></span> <span class='ocrx_word' id='word_1_175' title='bbox 793 1741 916 1774; x_wconf 89' lang='lat' dir='ltr'><strong>timeo</strong></span> <span class='ocrx_word' id='word_1_176' title='bbox 936 1751 987 1774; x_wconf 88' lang='lat' dir='ltr'><strong>ne</strong></span> <span class='ocrx_word' id='word_1_177' title='bbox 1007 1741 1084 1774; x_wconf 85' lang='lat' dir='ltr'><strong>iam</strong></span> <span class='ocrx_word' id='word_1_178' title='bbox 1105 1741 1288 1784; x_wconf 90' lang='lat' dir='ltr'><strong>concepti</strong></span> <span class='ocrx_word' id='word_1_179' title='bbox 1308 1741 1408 1783; x_wconf 91' lang='lat' dir='ltr'><strong>sint;</strong></span> 
     </span>
    </p>
   </div>
   <div class='ocr_carea' id='block_1_4' title="bbox 207 1798 1390 2166">
    <p class='ocr_par' dir='ltr' id='par_1_4' title="bbox 209 1798 1390 1847">
     <span class='ocr_line' id='line_1_27' title="bbox 209 1798 1390 1847; baseline 0.001 -11"><span class='ocrx_word' id='word_1_180' title='bbox 209 1803 455 1845; x_wconf 88' lang='lat' dir='ltr'><strong>temptemus</strong></span> <span class='ocrx_word' id='word_1_181' title='bbox 474 1804 624 1845; x_wconf 79' lang='lat' dir='ltr'><strong>tamen,</strong></span> <span class='ocrx_word' id='word_1_182' title='bbox 646 1802 677 1836; x_wconf 92' lang='lat' dir='ltr'><strong>si</strong></span> <span class='ocrx_word' id='word_1_183' title='bbox 701 1798 831 1835; x_wconf 84' lang='lat' dir='ltr'><strong>adhuc</strong></span> <span class='ocrx_word' id='word_1_184' title='bbox 861 1799 1018 1835; x_wconf 88' lang='lat' dir='ltr'><strong>sorbilia</strong></span> <span class='ocrx_word' id='word_1_185' title='bbox 1042 1799 1173 1836; x_wconf 91' lang='lat' dir='ltr'><strong>sunt.&#39;’</strong></span> <span class='ocrx_word' id='word_1_186' title='bbox 1232 1799 1390 1847; x_wconf 87' lang='lat' dir='ltr'><strong>Accipi-</strong></span> 
     </span>
    </p>

    <p class='ocr_par' dir='ltr' id='par_1_5' title="bbox 208 1853 1390 1901">
     <span class='ocr_line' id='line_1_28' title="bbox 208 1853 1390 1901; baseline 0.001 -10"><span class='ocrx_word' id='word_1_187' title='bbox 208 1867 296 1891; x_wconf 91' lang='lat' dir='ltr'><strong>mus</strong></span> <span class='ocrx_word' id='word_1_188' title='bbox 316 1867 388 1891; x_wconf 89' lang='lat' dir='ltr'><strong>nos</strong></span> <span class='ocrx_word' id='word_1_189' title='bbox 404 1854 625 1891; x_wconf 90' lang='lat' dir='ltr'><strong>cochlearia</strong></span> <span class='ocrx_word' id='word_1_190' title='bbox 640 1867 721 1891; x_wconf 89' lang='lat' dir='ltr'><strong>non</strong></span> <span class='ocrx_word' id='word_1_191' title='bbox 740 1856 871 1890; x_wconf 80' lang='lat' dir='ltr'><strong>minus</strong></span> <span class='ocrx_word' id='word_1_192' title='bbox 886 1853 1049 1891; x_wconf 89' lang='lat' dir='ltr'><strong>selibras</strong></span> <span class='ocrx_word' id='word_1_193' title='bbox 1064 1854 1285 1901; x_wconf 90' lang='lat' dir='ltr'><strong>pendentia</strong></span> <span class='ocrx_word' id='word_1_194' title='bbox 1300 1868 1390 1892; x_wconf 84' lang='lat' dir='ltr'><strong>ova-</strong></span> 
     </span>
    </p>

    <p class='ocr_par' dir='ltr' id='par_1_6' title="bbox 208 1906 1390 1956">
     <span class='ocr_line' id='line_1_29' title="bbox 208 1906 1390 1956; baseline 0.001 -10"><span class='ocrx_word' id='word_1_195' title='bbox 208 1921 287 1955; x_wconf 89' lang='lat' dir='ltr'><strong>que</strong></span> <span class='ocrx_word' id='word_1_196' title='bbox 321 1922 370 1946; x_wconf 86' lang='lat' dir='ltr'><strong>ex</strong></span> <span class='ocrx_word' id='word_1_197' title='bbox 409 1909 535 1946; x_wconf 84' lang='lat' dir='ltr'><strong>farina</strong></span> <span class='ocrx_word' id='word_1_198' title='bbox 572 1912 713 1956; x_wconf 86' lang='lat' dir='ltr'><strong>pingui</strong></span> <span class='ocrx_word' id='word_1_199' title='bbox 750 1906 932 1955; x_wconf 80' lang='lat' dir='ltr'><strong>figurata&#39;</strong></span> <span class='ocrx_word' id='word_1_200' title='bbox 955 1909 1242 1955; x_wconf 90' lang='lat' dir='ltr'><strong>pertundimus.</strong></span> <span class='ocrx_word' id='word_1_201' title='bbox 1303 1910 1390 1956; x_wconf 87' lang='lat' dir='ltr'><strong>Ego</strong></span> 
     </span>
    </p>

    <p class='ocr_par' dir='ltr' id='par_1_7' title="bbox 208 1963 1390 2010">
     <span class='ocr_line' id='line_1_30' title="bbox 208 1963 1390 2010; baseline 0.002 -10"><span class='ocrx_word' id='word_1_202' title='bbox 208 1963 371 2010; x_wconf 91' lang='lat' dir='ltr'><strong>quidem</strong></span> <span class='ocrx_word' id='word_1_203' title='bbox 397 1977 526 2010; x_wconf 89' lang='lat' dir='ltr'><strong>paene</strong></span> <span class='ocrx_word' id='word_1_204' title='bbox 550 1967 698 2010; x_wconf 89' lang='lat' dir='ltr'><strong>proieci</strong></span> <span class='ocrx_word' id='word_1_205' title='bbox 723 1968 879 2010; x_wconf 85' lang='lat' dir='ltr'><strong>partem</strong></span> <span class='ocrx_word' id='word_1_206' title='bbox 905 1977 1048 2010; x_wconf 88' lang='lat' dir='ltr'><strong>meam,</strong></span> <span class='ocrx_word' id='word_1_207' title='bbox 1069 1978 1162 2002; x_wconf 88' lang='lat' dir='ltr'><strong>nam</strong></span> <span class='ocrx_word' id='word_1_208' title='bbox 1181 1964 1390 2002; x_wconf 89' lang='lat' dir='ltr'><strong>videbatur</strong></span> 
     </span>
    </p>

    <p class='ocr_par' dir='ltr' id='par_1_8' title="bbox 208 2017 1389 2082">
     <span class='ocr_line' id='line_1_31' title="bbox 208 2017 1389 2082; baseline 0.001 -27"><span class='ocrx_word' id='word_1_209' title='bbox 208 2018 306 2055; x_wconf 92' lang='lat' dir='ltr'><strong>mihi</strong></span> <span class='ocrx_word' id='word_1_210' title='bbox 321 2021 400 2056; x_wconf 90' lang='lat' dir='ltr'><strong>iam</strong></span> <span class='ocrx_word' id='word_1_211' title='bbox 412 2021 454 2056; x_wconf 93' lang='lat' dir='ltr'><strong>in</strong></span> <span class='ocrx_word' id='word_1_212' title='bbox 464 2019 624 2082; x_wconf 63' lang='lat' dir='ltr'><strong>pullum</strong></span> <span class='ocrx_word' id='word_1_213' title='bbox 637 2021 770 2056; x_wconf 92' lang='lat' dir='ltr'><strong>coisse.</strong></span> <span class='ocrx_word' id='word_1_214' title='bbox 832 2017 992 2055; x_wconf 89' lang='lat' dir='ltr'><strong>Deinde</strong></span> <span class='ocrx_word' id='word_1_215' title='bbox 1005 2023 1052 2056; x_wconf 87' lang='lat' dir='ltr'><strong>ut</strong></span> <span class='ocrx_word' id='word_1_216' title='bbox 1064 2019 1196 2056; x_wconf 86' lang='lat' dir='ltr'><strong>audivi</strong></span> <span class='ocrx_word' id='word_1_217' title='bbox 1211 2024 1389 2056; x_wconf 89' lang='lat' dir='ltr'><strong>veterem</strong></span> 
     </span>
    </p>

    <p class='ocr_par' dir='ltr' id='par_1_9' title="bbox 207 2064 1387 2166">
     <span class='ocr_line' id='line_1_32' title="bbox 207 2064 1387 2121; baseline 0.001 -10"><span class='ocrx_word' id='word_1_218' title='bbox 207 2077 432 2111; x_wconf 82' lang='lat' dir='ltr'><strong>convivam:</strong></span> <span class='ocrx_word' id='word_1_219' title='bbox 478 2064 579 2112; x_wconf 80' lang='lat' dir='ltr'><strong>‘Hic</strong></span> <span class='ocrx_word' id='word_1_220' title='bbox 599 2077 732 2111; x_wconf 93' lang='lat' dir='ltr'><strong>nescio</strong></span> <span class='ocrx_word' id='word_1_221' title='bbox 747 2073 844 2120; x_wconf 90' lang='lat' dir='ltr'><strong>quid</strong></span> <span class='ocrx_word' id='word_1_222' title='bbox 863 2074 957 2111; x_wconf 92' lang='lat' dir='ltr'><strong>boni</strong></span> <span class='ocrx_word' id='word_1_223' title='bbox 972 2073 1096 2111; x_wconf 89' lang='lat' dir='ltr'><strong>debet</strong></span> <span class='ocrx_word' id='word_1_224' title='bbox 1112 2073 1236 2120; x_wconf 91' lang='lat' dir='ltr'><strong>esse‚”</strong></span> <span class='ocrx_word' id='word_1_225' title='bbox 1253 2087 1387 2121; x_wconf 90' lang='lat' dir='ltr'><strong>perse-</strong></span> 
     </span>
     <span class='ocr_line' id='line_1_33' title="bbox 319 2134 368 2166; baseline 0.02 -1"><span class='ocrx_word' id='word_1_226' title='bbox 319 2134 368 2166; x_wconf 83' lang='lat'><strong>48</strong></span> 
     </span>
    </p>
   </div>
  </div>
 </body>
</html>
