1500 2470
540 215 853 255 SATYRICON

92 298 267 347 puellam
294 301 380 336 eius
407 299 553 335 aetatis
581 309 682 342 esse,
701 301 749 333 ut
775 295 981 333 muliebris
1000 296 1221 342 patientiae
1239 293 1295 331 le·

90 384 185 418 gem
203 374 340 418 posset
357 372 550 416 accipere.
610 358 636 376 “
649 367 743 405 Ita''
766 370 898 414 inquit
917 366 1117 413 Quartilla
1135 356 1299 403 “minor

91 447 156 481 est
173 445 251 480 ista
269 455 390 489 quam
409 454 486 488 ego
505 440 576 486 fui,
597 453 689 477 cum
707 442 881 487 primum
899 441 1028 476 virum
1047 451 1162 486 passa
1180 438 1297 475 sum?

92 513 288 552 Iunonem
306 526 439 552 meam
456 516 599 550 iratam
618 512 802 558 habeam,
822 514 855 549 si
875 524 1051 557 unquam
1069 522 1136 548 me
1155 511 1296 547 memi-

89 588 220 624 nerim
246 588 445 633 virginem
472 585 605 622 fuisse.
666 584 771 621 Nam
799 588 844 621 et
867 583 1000 620 infans
1019 595 1111 620 cum
1137 582 1297 629 paribus

91 649 296 695 inclinata¹
315 669 417 703 sum,
433 661 478 694 et
498 655 669 694 subinde
691 646 1020 702 procedentibus2
1039 656 1155 692 annis
1173 656 1296 691 maio-

90 728 198 766 ribus
222 741 289 766 me
307 730 440 775 pueris
459 726 647 774 applicui,
667 726 796 764 donec
815 725 867 763 ad
885 725 990 763 hane
1009 730 1187 762 aetatem
1206 738 1296 771 per-

90 802 192 837 veni.
252 799 362 836 Hinc
388 802 511 837 etiam
539 803 639 845 puto
666 798 920 845 proverbium
946 802 1087 834 natum
1112 796 1226 843 illud,
1250 801 1297 834 ut

90 870 246 909 dicatur
263 883 380 918 posse
398 875 559 908 taurum
577 869 735 916 tollere,
754 872 823 915 qui
848 869 1018 906 vitulum
1046 868 1293 906 sustulerit-'⁸

93 941 222 988 Igitur
238 955 292 980 ne
310 945 503 979 maiorem
514 944 698 978 iniuriam
712 943 755 978 in
770 946 926 978 secreto
940 940 1066 978 frater
1079 943 1295 987 acciperet,

91 1016 319 1052 consurrexi
337 1014 389 1051 ad
408 1014 578 1050 officium
598 1012 791 1059 nuptiale.
851 1012 937 1049 Iam
963 1012 1116 1058 Psyche
1136 1012 1295 1059 puellae

92 1089 212 1132 caput
229 1084 451 1122 involverat
469 1083 665 1129 flammeo,
684 1086 764 1120 iam
784 1084 1070 1121 embasicoetas
1093 1083 1295 1130 praefere-

93 1155 164 1193 bat
180 1154 322 1200 facem,
341 1157 420 1192 iam
440 1155 574 1192 ebriae
599 1154 787 1192 mulieres
819 1154 985 1200 longum
1011 1167 1158 1201 agmen
1183 1154 1295 1202 plau-

93 1225 237 1263 dentes
267 1226 448 1263 fecerant
484 1225 785 1272 thalamumque
822 1228 976 1263 incesta
1006 1232 1296 1264 exornaverant

93 1297 217 1339 vaete,
243 1285 351 1330 cum³
377 1291 575 1339 Quartilla
600 1305 759 1339 quoque
791 1295 1007 1329 iocantium
1035 1292 1203 1330 libidine
1230 1306 1295 1330 ac-

94 1370 212 1396 censa
230 1363 274 1396 et
292 1361 376 1406 ipsa
396 1362 567 1397 surrexit
586 1364 893 1405 correptumque
914 1359 1064 1396 Gitona
1077 1362 1120 1396 in
1134 1361 1295 1398 cubicu-

93 1419 178 1458 lum
197 1424 329 1459 traxit.

147 1487 243 1526 Sine
273 1488 395 1526 dubio
423 1501 504 1525 non
532 1493 827 1534 repugnaverat
855 1501 968 1534 puer,
997 1501 1044 1526 ac
1076 1501 1130 1526 ne
1159 1489 1295 1535 puella

93 1554 255 1600 quidem
282 1557 407 1592 tristis
436 1559 651 1601 expaverat
674 1557 904 1601 nuptiarum
930 1568 1090 1594 nomen.
1151 1555 1295 1602 Itaque

95 1633 185 1658 cum
203 1621 344 1658 inclusi
362 1624 552 1667 iacerent,
574 1621 825 1658 consedimus
850 1626 946 1658 ante
971 1621 1096 1659 limen
1115 1622 1294 1669 thalami,

95 1692 139 1725 et
155 1690 198 1725 in
222 1690 358 1735 primis
385 1687 583 1735 Quartilla
611 1701 684 1735 per
711 1691 851 1725 rimam
880 1689 1059 1735 improbe
1088 1689 1295 1727 diductam

94 1754 339 1802 applicuerat
357 1755 517 1793 oculum
536 1758 733 1793 curiosum
751 1755 962 1802 lusumque
990 1756 1186 1803 puerilem
1205 1757 1294 1794 libi-

93 1820 232 1859 dinosa
256 1821 535 1868 speculabatur
560 1822 781 1868 diligentia.
841 1822 910 1860 Me
930 1835 1089 1869 quoque
1108 1823 1159 1860 ad
1186 1823 1295 1861 idem

94 1887 364 1933 spectaculum
382 1888 494 1925 lenta
507 1902 628 1925 manu
643 1891 777 1934 traxit,
792 1893 835 1926 et
849 1892 942 1935 quia
956 1889 1294 1928 considerantium

93 1949 368 1992 cohaeserant*
403 1955 548 2000 vultus,
580 1955 768 2001 quicquid
805 1969 829 1992 a
856 1956 1085 2002 spectaculo
1115 1958 1293 2003 vacabat,

94 2021 366 2058 commovebat
385 2021 515 2058 obiter
533 2021 643 2058 labra
662 2026 706 2059 et
724 2035 790 2059 me
813 2027 1004 2068 tanquam
1024 2022 1180 2061 furtivis
1201 2024 1292 2061 sub-

94 2086 188 2124 inde
207 2087 348 2125 osculis
362 2088 606 2125 verberabat
623 2116 632 2124 .
650 2116 661 2126 .
677 2115 687 2126 .

1133 2156 1184 2192 3⁷

1325 1011 1377 1050 26
