<?xml version="1.0" encoding="UTF-8"?>
<!DOCTYPE html PUBLIC "-//W3C//DTD XHTML 1.0 Transitional//EN"
    "http://www.w3.org/TR/xhtml1/DTD/xhtml1-transitional.dtd">
<html xmlns="http://www.w3.org/1999/xhtml" xml:lang="en" lang="en">
 <head>
  <title>
</title>
<meta http-equiv="Content-Type" content="text/html;charset=utf-8" />
  <meta name='ocr-system' content='tesseract 3.04.00' />
  <meta name='ocr-capabilities' content='ocr_page ocr_carea ocr_par ocr_line ocrx_word'/>
</head>
<body>
  <div class='ocr_page' id='page_1' title='image "./petronius00petruoft_0208.png"; bbox 0 0 1534 2470; ppageno 0'>
   <div class='ocr_carea' id='block_1_1' title="bbox 169 1333 215 1373">
    <p class='ocr_par' dir='ltr' id='par_1_1' title="bbox 169 1333 215 1373">
     <span class='ocr_line' id='line_1_1' title="bbox 169 1333 215 1373; baseline 0 -6"><span class='ocrx_word' id='word_1_1' title='bbox 169 1333 215 1373; x_wconf 90' lang='lat'>91</span> 
     </span>
    </p>
   </div>
   <div class='ocr_carea' id='block_1_2' title="bbox 470 172 1244 214">
    <p class='ocr_par' dir='ltr' id='par_1_2' title="bbox 470 172 1244 214">
     <span class='ocr_line' id='line_1_2' title="bbox 470 172 1244 214; baseline 0.003 -4"><span class='ocrx_word' id='word_1_2' title='bbox 470 172 632 213; x_wconf 90' lang='lat' dir='ltr'>TITUS</span> <span class='ocrx_word' id='word_1_3' title='bbox 664 174 976 214; x_wconf 84' lang='lat' dir='ltr'>PETRONIUS</span> <span class='ocrx_word' id='word_1_4' title='bbox 1005 174 1244 213; x_wconf 87' lang='lat' dir='ltr'><strong>ARBITER</strong></span> 
     </span>
    </p>
   </div>
   <div class='ocr_carea' id='block_1_3' title="bbox 246 256 1455 2104">
    <p class='ocr_par' dir='ltr' id='par_1_3' title="bbox 249 256 1455 1241">
     <span class='ocr_line' id='line_1_3' title="bbox 251 256 1451 306; baseline 0.003 -12"><span class='ocrx_word' id='word_1_5' title='bbox 251 256 363 304; x_wconf 92' lang='lat' dir='ltr'>plum</span> <span class='ocrx_word' id='word_1_6' title='bbox 393 257 582 304; x_wconf 84' lang='lat' dir='ltr'><strong>profugit.</strong></span> <span class='ocrx_word' id='word_1_7' title='bbox 638 258 771 296; x_wconf 89' lang='lat' dir='ltr'><strong>Timui</strong></span> <span class='ocrx_word' id='word_1_8' title='bbox 801 271 889 305; x_wconf 88' lang='lat' dir='ltr'>ego,</span> <span class='ocrx_word' id='word_1_9' title='bbox 918 271 971 296; x_wconf 88' lang='lat' dir='ltr'>ne</span> <span class='ocrx_word' id='word_1_10' title='bbox 998 272 1065 297; x_wconf 92' lang='lat' dir='ltr'>me</span> <span class='ocrx_word' id='word_1_11' title='bbox 1093 264 1254 306; x_wconf 85' lang='lat' dir='ltr'>poetam</span> <span class='ocrx_word' id='word_1_12' title='bbox 1282 264 1451 299; x_wconf 84' lang='lat' dir='ltr'>vocaret.</span> 
     </span>
     <span class='ocr_line' id='line_1_4' title="bbox 252 323 1455 373; baseline 0.003 -13"><span class='ocrx_word' id='word_1_13' title='bbox 252 323 395 370; x_wconf 87' lang='lat' dir='ltr'>Itaque</span> <span class='ocrx_word' id='word_1_14' title='bbox 425 325 660 362; x_wconf 89' lang='lat' dir='ltr'>subsecutus</span> <span class='ocrx_word' id='word_1_15' title='bbox 689 324 914 371; x_wconf 76' lang='lat' dir='ltr'><strong>fugientem</strong></span> <span class='ocrx_word' id='word_1_16' title='bbox 942 325 994 363; x_wconf 89' lang='lat' dir='ltr'>ad</span> <span class='ocrx_word' id='word_1_17' title='bbox 1021 325 1116 364; x_wconf 90' lang='lat' dir='ltr'>litus</span> <span class='ocrx_word' id='word_1_18' title='bbox 1144 329 1322 373; x_wconf 84' lang='lat' dir='ltr'>perveni,</span> <span class='ocrx_word' id='word_1_19' title='bbox 1341 331 1384 364; x_wconf 92' lang='lat' dir='ltr'>et</span> <span class='ocrx_word' id='word_1_20' title='bbox 1408 331 1455 364; x_wconf 89' lang='lat' dir='ltr'>ut</span> 
     </span>
     <span class='ocr_line' id='line_1_5' title="bbox 250 383 1452 440; baseline 0.003 -13"><span class='ocrx_word' id='word_1_21' title='bbox 250 393 423 438; x_wconf 86' lang='lat' dir='ltr'>primum</span> <span class='ocrx_word' id='word_1_22' title='bbox 443 396 556 428; x_wconf 89' lang='lat' dir='ltr'>extra</span> <span class='ocrx_word' id='word_1_23' title='bbox 575 391 648 428; x_wconf 89' lang='lat' dir='ltr'>teli</span> <span class='ocrx_word' id='word_1_24' title='bbox 665 394 891 429; x_wconf 84' lang='lat' dir='ltr'>coniectum</span> <span class='ocrx_word' id='word_1_25' title='bbox 905 392 1018 430; x_wconf 86' lang='lat' dir='ltr'>licuit</span> <span class='ocrx_word' id='word_1_26' title='bbox 1033 395 1262 440; x_wconf 81' lang='lat' dir='ltr'>consistere,</span> <span class='ocrx_word' id='word_1_27' title='bbox 1275 383 1301 400; x_wconf 84' lang='lat'><strong><em>“</em></strong></span> <span class='ocrx_word' id='word_1_28' title='bbox 1311 391 1452 439; x_wconf 88' lang='lat' dir='ltr'>Rogo”</span> 
     </span>
     <span class='ocr_line' id='line_1_6' title="bbox 250 448 1455 506; baseline 0.002 -11"><span class='ocrx_word' id='word_1_29' title='bbox 250 460 414 504; x_wconf 87' lang='lat' dir='ltr'>inquam</span> <span class='ocrx_word' id='word_1_30' title='bbox 435 448 460 465; x_wconf 83' lang='lat'><em>“</em></span> <span class='ocrx_word' id='word_1_31' title='bbox 474 458 570 504; x_wconf 91' lang='lat' dir='ltr'>quid</span> <span class='ocrx_word' id='word_1_32' title='bbox 590 459 664 495; x_wconf 92' lang='lat' dir='ltr'>tibi</span> <span class='ocrx_word' id='word_1_33' title='bbox 684 461 741 496; x_wconf 90' lang='lat' dir='ltr'>vis</span> <span class='ocrx_word' id='word_1_34' title='bbox 762 471 852 496; x_wconf 90' lang='lat' dir='ltr'>cum</span> <span class='ocrx_word' id='word_1_35' title='bbox 871 462 948 496; x_wconf 90' lang='lat' dir='ltr'>isto</span> <span class='ocrx_word' id='word_1_36' title='bbox 967 460 1129 497; x_wconf 90' lang='lat' dir='ltr'>morbo?</span> <span class='ocrx_word' id='word_1_37' title='bbox 1181 460 1316 498; x_wconf 90' lang='lat' dir='ltr'>Minus</span> <span class='ocrx_word' id='word_1_38' title='bbox 1335 473 1455 506; x_wconf 88' lang='lat' dir='ltr'>quam</span> 
     </span>
     <span class='ocr_line' id='line_1_7' title="bbox 251 524 1454 573; baseline 0.002 -11"><span class='ocrx_word' id='word_1_39' title='bbox 251 524 404 562; x_wconf 89' lang='lat' dir='ltr'>duabus</span> <span class='ocrx_word' id='word_1_40' title='bbox 423 524 530 562; x_wconf 90' lang='lat' dir='ltr'>horis</span> <span class='ocrx_word' id='word_1_41' title='bbox 549 538 708 562; x_wconf 91' lang='lat' dir='ltr'>mecum</span> <span class='ocrx_word' id='word_1_42' title='bbox 727 528 902 572; x_wconf 89' lang='lat' dir='ltr'>moraris,</span> <span class='ocrx_word' id='word_1_43' title='bbox 924 531 966 564; x_wconf 91' lang='lat' dir='ltr'>et</span> <span class='ocrx_word' id='word_1_44' title='bbox 985 529 1140 573; x_wconf 85' lang='lat' dir='ltr'>saepius</span> <span class='ocrx_word' id='word_1_45' title='bbox 1159 529 1316 573; x_wconf 91' lang='lat' dir='ltr'>poetice</span> <span class='ocrx_word' id='word_1_46' title='bbox 1336 540 1454 573; x_wconf 89' lang='lat' dir='ltr'>quam</span> 
     </span>
     <span class='ocr_line' id='line_1_8' title="bbox 252 591 1454 640; baseline 0 -10"><span class='ocrx_word' id='word_1_47' title='bbox 252 592 426 630; x_wconf 89' lang='lat' dir='ltr'>humane</span> <span class='ocrx_word' id='word_1_48' title='bbox 454 591 610 629; x_wconf 90' lang='lat' dir='ltr'>locutus</span> <span class='ocrx_word' id='word_1_49' title='bbox 637 605 690 629; x_wconf 90' lang='lat' dir='ltr'>es.</span> <span class='ocrx_word' id='word_1_50' title='bbox 752 592 893 638; x_wconf 89' lang='lat' dir='ltr'>Itaque</span> <span class='ocrx_word' id='word_1_51' title='bbox 913 606 994 630; x_wconf 90' lang='lat' dir='ltr'>non</span> <span class='ocrx_word' id='word_1_52' title='bbox 1013 596 1145 640; x_wconf 87' lang='lat' dir='ltr'>miror,</span> <span class='ocrx_word' id='word_1_53' title='bbox 1165 596 1198 631; x_wconf 89' lang='lat' dir='ltr'>si</span> <span class='ocrx_word' id='word_1_54' title='bbox 1217 599 1259 631; x_wconf 89' lang='lat' dir='ltr'>te</span> <span class='ocrx_word' id='word_1_55' title='bbox 1285 593 1454 640; x_wconf 90' lang='lat' dir='ltr'>populus</span> 
     </span>
     <span class='ocr_line' id='line_1_9' title="bbox 249 658 1454 706; baseline 0.001 -10"><span class='ocrx_word' id='word_1_56' title='bbox 249 658 448 706; x_wconf 85' lang='lat' dir='ltr'><strong>lapidibus</strong></span> <span class='ocrx_word' id='word_1_57' title='bbox 467 661 730 705; x_wconf 83' lang='lat' dir='ltr'><strong>persequitur.</strong></span> <span class='ocrx_word' id='word_1_58' title='bbox 785 659 872 705; x_wconf 89' lang='lat' dir='ltr'>Ego</span> <span class='ocrx_word' id='word_1_59' title='bbox 887 672 1044 706; x_wconf 92' lang='lat' dir='ltr'>quoque</span> <span class='ocrx_word' id='word_1_60' title='bbox 1059 663 1189 697; x_wconf 91' lang='lat' dir='ltr'>sinum</span> <span class='ocrx_word' id='word_1_61' title='bbox 1203 673 1339 698; x_wconf 91' lang='lat' dir='ltr'>meum</span> <span class='ocrx_word' id='word_1_62' title='bbox 1353 662 1454 697; x_wconf 88' lang='lat' dir='ltr'>saxis</span> 
     </span>
     <span class='ocr_line' id='line_1_10' title="bbox 251 726 1454 773; baseline 0 -10"><span class='ocrx_word' id='word_1_63' title='bbox 251 726 438 772; x_wconf 84' lang='lat' dir='ltr'>onerabo,</span> <span class='ocrx_word' id='word_1_64' title='bbox 453 730 500 763; x_wconf 89' lang='lat' dir='ltr'>ut</span> <span class='ocrx_word' id='word_1_65' title='bbox 520 728 835 772; x_wconf 82' lang='lat' dir='ltr'>quotiescunque</span> <span class='ocrx_word' id='word_1_66' title='bbox 856 729 1032 773; x_wconf 86' lang='lat' dir='ltr'>coeperis</span> <span class='ocrx_word' id='word_1_67' title='bbox 1051 740 1074 763; x_wconf 88' lang='lat' dir='ltr'>a</span> <span class='ocrx_word' id='word_1_68' title='bbox 1092 732 1135 764; x_wconf 92' lang='lat' dir='ltr'>te</span> <span class='ocrx_word' id='word_1_69' title='bbox 1155 729 1276 773; x_wconf 83' lang='lat' dir='ltr'>exire,</span> <span class='ocrx_word' id='word_1_70' title='bbox 1297 729 1454 773; x_wconf 84' lang='lat' dir='ltr'>sangui-</span> 
     </span>
     <span class='ocr_line' id='line_1_11' title="bbox 252 783 1453 838; baseline 0.001 -8"><span class='ocrx_word' id='word_1_71' title='bbox 252 806 345 830; x_wconf 92' lang='lat' dir='ltr'>nem</span> <span class='ocrx_word' id='word_1_72' title='bbox 365 793 440 830; x_wconf 90' lang='lat' dir='ltr'>tibi</span> <span class='ocrx_word' id='word_1_73' title='bbox 460 806 483 829; x_wconf 92' lang='lat' dir='ltr'>a</span> <span class='ocrx_word' id='word_1_74' title='bbox 502 795 634 838; x_wconf 89' lang='lat' dir='ltr'>capite</span> <span class='ocrx_word' id='word_1_75' title='bbox 654 793 852 830; x_wconf 89' lang='lat' dir='ltr'>mittam.’&#39;</span> <span class='ocrx_word' id='word_1_76' title='bbox 910 793 1038 830; x_wconf 90' lang='lat' dir='ltr'>Movit</span> <span class='ocrx_word' id='word_1_77' title='bbox 1057 793 1125 831; x_wconf 90' lang='lat' dir='ltr'>ille</span> <span class='ocrx_word' id='word_1_78' title='bbox 1144 793 1300 831; x_wconf 88' lang='lat' dir='ltr'>vultum</span> <span class='ocrx_word' id='word_1_79' title='bbox 1320 798 1363 831; x_wconf 90' lang='lat' dir='ltr'>et</span> <span class='ocrx_word' id='word_1_80' title='bbox 1383 783 1453 831; x_wconf 90' lang='lat' dir='ltr'>“O</span> 
     </span>
     <span class='ocr_line' id='line_1_12' title="bbox 251 849 1454 907; baseline 0.001 -10"><span class='ocrx_word' id='word_1_81' title='bbox 251 863 307 897; x_wconf 91' lang='lat' dir='ltr'>mi</span> <span class='ocrx_word' id='word_1_82' title='bbox 320 859 342 873; x_wconf 87' lang='lat'>’&#39;</span> <span class='ocrx_word' id='word_1_83' title='bbox 364 862 497 906; x_wconf 90' lang='lat' dir='ltr'>inquit</span> <span class='ocrx_word' id='word_1_84' title='bbox 517 849 543 867; x_wconf 81' lang='lat'><em>“</em></span> <span class='ocrx_word' id='word_1_85' title='bbox 554 858 803 905; x_wconf 89' lang='lat' dir='ltr'>adulescens,</span> <span class='ocrx_word' id='word_1_86' title='bbox 823 872 904 896; x_wconf 90' lang='lat' dir='ltr'>non</span> <span class='ocrx_word' id='word_1_87' title='bbox 923 859 1043 897; x_wconf 91' lang='lat' dir='ltr'>hodie</span> <span class='ocrx_word' id='word_1_88' title='bbox 1063 863 1212 907; x_wconf 92' lang='lat' dir='ltr'>primus</span> <span class='ocrx_word' id='word_1_89' title='bbox 1231 862 1454 907; x_wconf 76' lang='lat' dir='ltr'>auspicatus</span> 
     </span>
     <span class='ocr_line' id='line_1_13' title="bbox 251 926 1454 974; baseline -0.001 -9"><span class='ocrx_word' id='word_1_90' title='bbox 251 940 349 965; x_wconf 91' lang='lat' dir='ltr'>sum.</span> <span class='ocrx_word' id='word_1_91' title='bbox 411 926 539 963; x_wconf 90' lang='lat' dir='ltr'>Immo</span> <span class='ocrx_word' id='word_1_92' title='bbox 567 929 723 972; x_wconf 91' lang='lat' dir='ltr'>quoties</span> <span class='ocrx_word' id='word_1_93' title='bbox 751 926 970 973; x_wconf 77' lang='lat' dir='ltr'><strong>theatrum,</strong></span> <span class='ocrx_word' id='word_1_94' title='bbox 989 931 1036 964; x_wconf 92' lang='lat' dir='ltr'>ut</span> <span class='ocrx_word' id='word_1_95' title='bbox 1061 930 1272 964; x_wconf 83' lang='lat' dir='ltr'>recitarem</span> <span class='ocrx_word' id='word_1_96' title='bbox 1290 926 1454 974; x_wconf 91' lang='lat' dir='ltr'>aliquid,</span> 
     </span>
     <span class='ocr_line' id='line_1_14' title="bbox 250 992 1444 1040; baseline -0.001 -9"><span class='ocrx_word' id='word_1_97' title='bbox 250 996 408 1039; x_wconf 82' lang='lat' dir='ltr'>intravi,</span> <span class='ocrx_word' id='word_1_98' title='bbox 437 992 512 1030; x_wconf 89' lang='lat' dir='ltr'>hac</span> <span class='ocrx_word' id='word_1_99' title='bbox 541 1005 607 1029; x_wconf 91' lang='lat' dir='ltr'>me</span> <span class='ocrx_word' id='word_1_100' title='bbox 636 992 862 1030; x_wconf 89' lang='lat' dir='ltr'>adventicia</span> <span class='ocrx_word' id='word_1_101' title='bbox 890 996 1073 1039; x_wconf 88' lang='lat' dir='ltr'>excipere</span> <span class='ocrx_word' id='word_1_102' title='bbox 1093 993 1320 1040; x_wconf 87' lang='lat' dir='ltr'>frequentia</span> <span class='ocrx_word' id='word_1_103' title='bbox 1338 993 1444 1031; x_wconf 86' lang='lat' dir='ltr'>solet</span> 
     </span>
     <span class='ocr_line' id='line_1_15' title="bbox 252 1049 1452 1106; baseline -0.001 -8"><span class='ocrx_word' id='word_1_104' title='bbox 252 1061 442 1098; x_wconf 90' lang='lat' dir='ltr'>Ceterum</span> <span class='ocrx_word' id='word_1_105' title='bbox 472 1072 524 1096; x_wconf 92' lang='lat' dir='ltr'>ne</span> <span class='ocrx_word' id='word_1_106' title='bbox 559 1049 637 1104; x_wconf 92' lang='lat' dir='ltr'>[et]</span> <span class='ocrx_word' id='word_1_107' title='bbox 671 1064 804 1096; x_wconf 89' lang='lat' dir='ltr'>tecum</span> <span class='ocrx_word' id='word_1_108' title='bbox 840 1072 998 1106; x_wconf 90' lang='lat' dir='ltr'>quoque</span> <span class='ocrx_word' id='word_1_109' title='bbox 1031 1059 1200 1097; x_wconf 84' lang='lat' dir='ltr'>habeam</span> <span class='ocrx_word' id='word_1_110' title='bbox 1230 1059 1452 1106; x_wconf 84' lang='lat' dir='ltr'>rixandum,</span> 
     </span>
     <span class='ocr_line' id='line_1_16' title="bbox 250 1117 1452 1174; baseline 0 -9"><span class='ocrx_word' id='word_1_111' title='bbox 250 1133 338 1166; x_wconf 90' lang='lat' dir='ltr'>toto</span> <span class='ocrx_word' id='word_1_112' title='bbox 357 1126 423 1164; x_wconf 92' lang='lat' dir='ltr'>die</span> <span class='ocrx_word' id='word_1_113' title='bbox 442 1139 507 1164; x_wconf 91' lang='lat' dir='ltr'>me</span> <span class='ocrx_word' id='word_1_114' title='bbox 527 1126 577 1163; x_wconf 89' lang='lat' dir='ltr'>ab</span> <span class='ocrx_word' id='word_1_115' title='bbox 592 1125 668 1163; x_wconf 93' lang='lat' dir='ltr'>hoc</span> <span class='ocrx_word' id='word_1_116' title='bbox 683 1126 771 1163; x_wconf 90' lang='lat' dir='ltr'>cibo</span> <span class='ocrx_word' id='word_1_117' title='bbox 785 1126 1032 1164; x_wconf 87' lang='lat' dir='ltr'>abstineb0.”</span> <span class='ocrx_word' id='word_1_118' title='bbox 1076 1117 1269 1164; x_wconf 80' lang='lat' dir='ltr'>“Immo&#39;’</span> <span class='ocrx_word' id='word_1_119' title='bbox 1289 1130 1452 1174; x_wconf 87' lang='lat' dir='ltr'>inquam</span> 
     </span>
     <span class='ocr_line' id='line_1_17' title="bbox 251 1184 1441 1241; baseline 0 -9"><span class='ocrx_word' id='word_1_120' title='bbox 251 1207 327 1241; x_wconf 86' lang='lat' dir='ltr'>ego</span> <span class='ocrx_word' id='word_1_121' title='bbox 348 1184 414 1231; x_wconf 85' lang='lat' dir='ltr'>“si</span> <span class='ocrx_word' id='word_1_122' title='bbox 434 1196 561 1230; x_wconf 85' lang='lat' dir='ltr'>eiuras</span> <span class='ocrx_word' id='word_1_123' title='bbox 581 1192 815 1230; x_wconf 90' lang='lat' dir='ltr'>hodiernam</span> <span class='ocrx_word' id='word_1_124' title='bbox 836 1193 970 1239; x_wconf 88' lang='lat' dir='ltr'>bilem,</span> <span class='ocrx_word' id='word_1_125' title='bbox 991 1207 1070 1230; x_wconf 88' lang='lat' dir='ltr'>una</span> <span class='ocrx_word' id='word_1_126' title='bbox 1090 1194 1318 1232; x_wconf 86' lang='lat' dir='ltr'>cenabimus</span> <span class='ocrx_word' id='word_1_127' title='bbox 1331 1193 1354 1207; x_wconf 87' lang='lat'><strong><em>”</em></strong></span> <span class='ocrx_word' id='word_1_128' title='bbox 1376 1222 1385 1232; x_wconf 91' lang='lat'><strong>.</strong></span> <span class='ocrx_word' id='word_1_129' title='bbox 1408 1223 1416 1232; x_wconf 92' lang='lat'><strong><em>.</em></strong></span> <span class='ocrx_word' id='word_1_130' title='bbox 1434 1222 1441 1228; x_wconf 91' lang='lat'><strong>.</strong></span> 
     </span>
    </p>

    <p class='ocr_par' dir='ltr' id='par_1_4' title="bbox 306 1259 1383 1299">
     <span class='ocr_line' id='line_1_18' title="bbox 306 1259 1383 1299; baseline 0.001 -1"><span class='ocrx_word' id='word_1_131' title='bbox 306 1259 457 1298; x_wconf 87' lang='lat' dir='ltr'>Mando</span> <span class='ocrx_word' id='word_1_132' title='bbox 476 1259 745 1297; x_wconf 86' lang='lat' dir='ltr'>aedicularum</span> <span class='ocrx_word' id='word_1_133' title='bbox 765 1259 919 1297; x_wconf 89' lang='lat' dir='ltr'>custodi</span> <span class='ocrx_word' id='word_1_134' title='bbox 939 1261 1104 1297; x_wconf 86' lang='lat' dir='ltr'>cenulae</span> <span class='ocrx_word' id='word_1_135' title='bbox 1124 1261 1293 1298; x_wconf 89' lang='lat' dir='ltr'>officium</span> <span class='ocrx_word' id='word_1_136' title='bbox 1313 1290 1320 1298; x_wconf 97' lang='lat'>.</span> <span class='ocrx_word' id='word_1_137' title='bbox 1345 1290 1353 1298; x_wconf 93' lang='lat'><strong>.</strong></span> <span class='ocrx_word' id='word_1_138' title='bbox 1376 1290 1383 1299; x_wconf 94' lang='lat'><strong><em>.</em></strong></span> 
     </span>
    </p>

    <p class='ocr_par' dir='ltr' id='par_1_5' title="bbox 246 1325 1452 2104">
     <span class='ocr_line' id='line_1_19' title="bbox 306 1325 1451 1374; baseline 0 -9"><span class='ocrx_word' id='word_1_139' title='bbox 306 1327 435 1365; x_wconf 91' lang='lat' dir='ltr'>Video</span> <span class='ocrx_word' id='word_1_140' title='bbox 456 1327 605 1364; x_wconf 89' lang='lat' dir='ltr'>Gitona</span> <span class='ocrx_word' id='word_1_141' title='bbox 625 1339 715 1363; x_wconf 92' lang='lat' dir='ltr'>cum</span> <span class='ocrx_word' id='word_1_142' title='bbox 730 1325 865 1363; x_wconf 84' lang='lat' dir='ltr'>linteis</span> <span class='ocrx_word' id='word_1_143' title='bbox 881 1331 924 1363; x_wconf 94' lang='lat' dir='ltr'>et</span> <span class='ocrx_word' id='word_1_144' title='bbox 939 1327 1155 1372; x_wconf 90' lang='lat' dir='ltr'>strigilibus</span> <span class='ocrx_word' id='word_1_145' title='bbox 1170 1329 1312 1373; x_wconf 88' lang='lat' dir='ltr'>parieti</span> <span class='ocrx_word' id='word_1_146' title='bbox 1325 1327 1451 1374; x_wconf 86' lang='lat' dir='ltr'>appli-</span> 
     </span>
     <span class='ocr_line' id='line_1_20' title="bbox 252 1393 1452 1440; baseline -0.002 -6"><span class='ocrx_word' id='word_1_147' title='bbox 252 1399 378 1434; x_wconf 88' lang='lat' dir='ltr'>citum</span> <span class='ocrx_word' id='word_1_148' title='bbox 421 1397 580 1432; x_wconf 87' lang='lat' dir='ltr'>tristem</span> <span class='ocrx_word' id='word_1_149' title='bbox 619 1393 918 1439; x_wconf 89' lang='lat' dir='ltr'>confusumque.</span> <span class='ocrx_word' id='word_1_150' title='bbox 979 1393 1120 1440; x_wconf 85' lang='lat' dir='ltr'>Scires,</span> <span class='ocrx_word' id='word_1_151' title='bbox 1159 1406 1241 1431; x_wconf 92' lang='lat' dir='ltr'>non</span> <span class='ocrx_word' id='word_1_152' title='bbox 1278 1393 1452 1432; x_wconf 88' lang='lat' dir='ltr'>libenter</span> 
     </span>
     <span class='ocr_line' id='line_1_21' title="bbox 251 1459 1452 1507; baseline -0.002 -6"><span class='ocrx_word' id='word_1_153' title='bbox 251 1465 409 1501; x_wconf 87' lang='lat' dir='ltr'>servire.</span> <span class='ocrx_word' id='word_1_154' title='bbox 452 1460 595 1507; x_wconf 86' lang='lat' dir='ltr'>Itaque</span> <span class='ocrx_word' id='word_1_155' title='bbox 620 1464 667 1497; x_wconf 87' lang='lat' dir='ltr'>ut</span> <span class='ocrx_word' id='word_1_156' title='bbox 694 1463 1015 1506; x_wconf 87' lang='lat' dir='ltr'>experimentum</span> <span class='ocrx_word' id='word_1_157' title='bbox 1041 1459 1243 1497; x_wconf 89' lang='lat' dir='ltr'>oculorum</span> <span class='ocrx_word' id='word_1_158' title='bbox 1269 1473 1452 1507; x_wconf 88' lang='lat' dir='ltr'>caperem</span> 
     </span>
     <span class='ocr_line' id='line_1_22' title="bbox 251 1517 1449 1572; baseline -0.003 -5"><span class='ocrx_word' id='word_1_159' title='bbox 251 1531 450 1568; x_wconf 89' lang='lat' dir='ltr'>convertit</span> <span class='ocrx_word' id='word_1_160' title='bbox 476 1527 545 1564; x_wconf 94' lang='lat' dir='ltr'>ille</span> <span class='ocrx_word' id='word_1_161' title='bbox 572 1526 746 1564; x_wconf 84' lang='lat' dir='ltr'>solutum</span> <span class='ocrx_word' id='word_1_162' title='bbox 772 1526 918 1572; x_wconf 87' lang='lat' dir='ltr'>gaudio</span> <span class='ocrx_word' id='word_1_163' title='bbox 944 1526 1099 1564; x_wconf 86' lang='lat' dir='ltr'>vultum</span> <span class='ocrx_word' id='word_1_164' title='bbox 1119 1532 1162 1564; x_wconf 91' lang='lat' dir='ltr'>et</span> <span class='ocrx_word' id='word_1_165' title='bbox 1188 1517 1413 1565; x_wconf 84' lang='lat' dir='ltr'>“Miserere</span> <span class='ocrx_word' id='word_1_166' title='bbox 1426 1527 1449 1541; x_wconf 89' lang='lat'>’&#39;</span> 
     </span>
     <span class='ocr_line' id='line_1_23' title="bbox 249 1585 1447 1643; baseline -0.002 -9"><span class='ocrx_word' id='word_1_167' title='bbox 249 1599 382 1643; x_wconf 90' lang='lat' dir='ltr'>inquit</span> <span class='ocrx_word' id='word_1_168' title='bbox 412 1585 438 1603; x_wconf 81' lang='lat'><em>“</em></span> <span class='ocrx_word' id='word_1_169' title='bbox 450 1594 583 1631; x_wconf 89' lang='lat' dir='ltr'>frater.</span> <span class='ocrx_word' id='word_1_170' title='bbox 649 1593 729 1630; x_wconf 94' lang='lat' dir='ltr'>Ubi</span> <span class='ocrx_word' id='word_1_171' title='bbox 759 1605 867 1629; x_wconf 86' lang='lat' dir='ltr'>arma</span> <span class='ocrx_word' id='word_1_172' title='bbox 897 1606 978 1630; x_wconf 89' lang='lat' dir='ltr'>non</span> <span class='ocrx_word' id='word_1_173' title='bbox 1008 1598 1113 1639; x_wconf 92' lang='lat' dir='ltr'>sunt,</span> <span class='ocrx_word' id='word_1_174' title='bbox 1143 1593 1269 1631; x_wconf 91' lang='lat' dir='ltr'>libere</span> <span class='ocrx_word' id='word_1_175' title='bbox 1299 1593 1447 1640; x_wconf 90' lang='lat' dir='ltr'>loquor.</span> 
     </span>
     <span class='ocr_line' id='line_1_24' title="bbox 251 1659 1449 1709; baseline -0.003 -8"><span class='ocrx_word' id='word_1_176' title='bbox 251 1664 372 1709; x_wconf 90' lang='lat' dir='ltr'>Eripe</span> <span class='ocrx_word' id='word_1_177' title='bbox 399 1674 465 1699; x_wconf 91' lang='lat' dir='ltr'>me</span> <span class='ocrx_word' id='word_1_178' title='bbox 490 1660 637 1698; x_wconf 85' lang='lat' dir='ltr'>latroni</span> <span class='ocrx_word' id='word_1_179' title='bbox 665 1664 831 1696; x_wconf 88' lang='lat' dir='ltr'>cruento</span> <span class='ocrx_word' id='word_1_180' title='bbox 858 1664 901 1697; x_wconf 90' lang='lat' dir='ltr'>et</span> <span class='ocrx_word' id='word_1_181' title='bbox 920 1659 1099 1705; x_wconf 91' lang='lat' dir='ltr'>qualibet</span> <span class='ocrx_word' id='word_1_182' title='bbox 1125 1662 1287 1697; x_wconf 86' lang='lat' dir='ltr'>saevitia</span> <span class='ocrx_word' id='word_1_183' title='bbox 1313 1664 1449 1706; x_wconf 90' lang='lat' dir='ltr'>paeni-</span> 
     </span>
     <span class='ocr_line' id='line_1_25' title="bbox 249 1722 1450 1769; baseline -0.002 -5"><span class='ocrx_word' id='word_1_184' title='bbox 249 1728 422 1764; x_wconf 88' lang='lat' dir='ltr'>tentiam</span> <span class='ocrx_word' id='word_1_185' title='bbox 450 1723 591 1762; x_wconf 92' lang='lat' dir='ltr'>iudicis</span> <span class='ocrx_word' id='word_1_186' title='bbox 618 1725 678 1760; x_wconf 92' lang='lat' dir='ltr'>tui</span> <span class='ocrx_word' id='word_1_187' title='bbox 704 1725 812 1769; x_wconf 90' lang='lat' dir='ltr'>puni.</span> <span class='ocrx_word' id='word_1_188' title='bbox 873 1722 976 1760; x_wconf 89' lang='lat' dir='ltr'>Satis</span> <span class='ocrx_word' id='word_1_189' title='bbox 1001 1736 1192 1769; x_wconf 87' lang='lat' dir='ltr'>magnum</span> <span class='ocrx_word' id='word_1_190' title='bbox 1212 1726 1288 1760; x_wconf 89' lang='lat' dir='ltr'>erit</span> <span class='ocrx_word' id='word_1_191' title='bbox 1306 1726 1450 1761; x_wconf 91' lang='lat' dir='ltr'>misero</span> 
     </span>
     <span class='ocr_line' id='line_1_26' title="bbox 249 1785 1450 1834; baseline -0.003 -6"><span class='ocrx_word' id='word_1_192' title='bbox 249 1790 452 1834; x_wconf 77' lang='lat' dir='ltr'>solacium,</span> <span class='ocrx_word' id='word_1_193' title='bbox 479 1792 549 1824; x_wconf 90' lang='lat' dir='ltr'>tua</span> <span class='ocrx_word' id='word_1_194' title='bbox 574 1786 781 1823; x_wconf 89' lang='lat' dir='ltr'>voluntate</span> <span class='ocrx_word' id='word_1_195' title='bbox 809 1785 1036 1823; x_wconf 87' lang='lat' dir='ltr'>cecidisse.&#39;&#39;</span> <span class='ocrx_word' id='word_1_196' title='bbox 1094 1786 1348 1833; x_wconf 89' lang='lat' dir='ltr'>Supprimere</span> <span class='ocrx_word' id='word_1_197' title='bbox 1374 1799 1450 1833; x_wconf 88' lang='lat' dir='ltr'>ego</span> 
     </span>
     <span class='ocr_line' id='line_1_27' title="bbox 248 1852 1448 1903; baseline -0.003 -9"><span class='ocrx_word' id='word_1_198' title='bbox 248 1855 468 1903; x_wconf 88' lang='lat' dir='ltr'>querellam</span> <span class='ocrx_word' id='word_1_199' title='bbox 496 1854 626 1899; x_wconf 89' lang='lat' dir='ltr'>iubeo,</span> <span class='ocrx_word' id='word_1_200' title='bbox 647 1865 699 1889; x_wconf 92' lang='lat' dir='ltr'>ne</span> <span class='ocrx_word' id='word_1_201' title='bbox 728 1854 815 1898; x_wconf 88' lang='lat' dir='ltr'>quis</span> <span class='ocrx_word' id='word_1_202' title='bbox 844 1852 1006 1889; x_wconf 88' lang='lat' dir='ltr'>consilia</span> <span class='ocrx_word' id='word_1_203' title='bbox 1033 1852 1368 1900; x_wconf 90' lang='lat' dir='ltr'>deprehenderet,</span> <span class='ocrx_word' id='word_1_204' title='bbox 1387 1866 1448 1891; x_wconf 91' lang='lat' dir='ltr'>re-</span> 
     </span>
     <span class='ocr_line' id='line_1_28' title="bbox 247 1918 1447 1968; baseline -0.004 -7"><span class='ocrx_word' id='word_1_205' title='bbox 247 1923 423 1968; x_wconf 91' lang='lat' dir='ltr'>lictoque</span> <span class='ocrx_word' id='word_1_206' title='bbox 444 1920 789 1966; x_wconf 75' lang='lat' dir='ltr'>Eumolpo-nam</span> <span class='ocrx_word' id='word_1_207' title='bbox 809 1921 850 1954; x_wconf 91' lang='lat' dir='ltr'>in</span> <span class='ocrx_word' id='word_1_208' title='bbox 869 1918 1013 1956; x_wconf 85' lang='lat' dir='ltr'>balneo</span> <span class='ocrx_word' id='word_1_209' title='bbox 1028 1932 1187 1956; x_wconf 88' lang='lat' dir='ltr'>carmen</span> <span class='ocrx_word' id='word_1_210' title='bbox 1202 1920 1447 1957; x_wconf 83' lang='lat' dir='ltr'>recitabat-</span> 
     </span>
     <span class='ocr_line' id='line_1_29' title="bbox 247 1984 1450 2037; baseline -0.003 -10"><span class='ocrx_word' id='word_1_211' title='bbox 247 2003 320 2037; x_wconf 89' lang='lat' dir='ltr'>per</span> <span class='ocrx_word' id='word_1_212' title='bbox 339 1988 597 2026; x_wconf 90' lang='lat' dir='ltr'>tenebrosum</span> <span class='ocrx_word' id='word_1_213' title='bbox 618 1990 661 2023; x_wconf 91' lang='lat' dir='ltr'>et</span> <span class='ocrx_word' id='word_1_214' title='bbox 680 1984 883 2022; x_wconf 85' lang='lat' dir='ltr'>sordidum</span> <span class='ocrx_word' id='word_1_215' title='bbox 899 1998 1102 2031; x_wconf 86' lang='lat' dir='ltr'>egressum</span> <span class='ocrx_word' id='word_1_216' title='bbox 1115 1985 1281 2023; x_wconf 85' lang='lat' dir='ltr'>extraho</span> <span class='ocrx_word' id='word_1_217' title='bbox 1302 1986 1450 2023; x_wconf 85' lang='lat' dir='ltr'>Gitona</span> 
     </span>
     <span class='ocr_line' id='line_1_30' title="bbox 246 2051 1448 2104; baseline -0.003 -9"><span class='ocrx_word' id='word_1_218' title='bbox 246 2059 472 2104; x_wconf 88' lang='lat' dir='ltr'>raptimque</span> <span class='ocrx_word' id='word_1_219' title='bbox 504 2057 545 2090; x_wconf 93' lang='lat' dir='ltr'>in</span> <span class='ocrx_word' id='word_1_220' title='bbox 575 2052 793 2097; x_wconf 90' lang='lat' dir='ltr'>hospitium</span> <span class='ocrx_word' id='word_1_221' title='bbox 824 2064 958 2088; x_wconf 91' lang='lat' dir='ltr'>meum</span> <span class='ocrx_word' id='word_1_222' title='bbox 989 2051 1149 2098; x_wconf 90' lang='lat' dir='ltr'>pervolo</span> <span class='ocrx_word' id='word_1_223' title='bbox 1233 2052 1448 2091; x_wconf 85' lang='lat' dir='ltr'>Praeclusis</span> 
     </span>
    </p>
   </div>
   <div class='ocr_carea' id='block_1_4' title="bbox 357 2125 434 2160">
    <p class='ocr_par' dir='ltr' id='par_1_6' title="bbox 357 2125 434 2160">
     <span class='ocr_line' id='line_1_31' title="bbox 357 2125 434 2160; baseline -0.013 0"><span class='ocrx_word' id='word_1_224' title='bbox 357 2125 434 2160; x_wconf 87' lang='lat'>180</span> 
     </span>
    </p>
   </div>
  </div>
 </body>
</html>
