1534 2470
497 193 658 234 TITUS
690 193 1001 234 PETRONIUS
1031 193 1271 234 ARBITER

189 274 258 314 LO
277 275 405 323 plagis
430 275 574 313 dolata.
610 266 616 322 Ι
649 275 706 314 Ut
732 274 849 313 solvit
875 288 970 322 ergo
992 274 1084 313 licio
1114 288 1304 323 pannum,
1324 280 1478 323 partem
1502 313 1507 319 ,

174 1865 246 1906 ι36

274 339 489 385 leguminis
519 351 638 386 super
670 351 850 376 mensam
887 338 1028 376 effudit
1065 340 1259 386 iussitque
1287 352 1354 377 me
1391 338 1479 377 dili-

275 407 422 449 genter
439 415 620 449 purgare.
681 402 817 440 Servio
844 414 919 448 ego
945 404 1112 449 imperio
1134 415 1337 449 granaque
1357 402 1479 440 sordi-

276 465 446 503 dissimis
466 465 737 512 putaminibus
752 467 898 502 vestita
913 467 1064 502 curiosa
1077 478 1197 502 manu
1213 477 1391 512 segrego.
1422 464 1479 503 At

275 529 344 566 illa
381 531 567 566 inertiam
604 542 736 566 meam
766 541 955 566 accusans
986 529 1165 575 improba
1195 528 1315 575 tollit,
1347 528 1479 567 denti-

275 593 429 639 busque
449 591 645 629 folliculos
665 594 814 638 pariter
834 591 977 638 spoliat
997 596 1120 638 atque
1135 594 1178 629 in
1190 596 1340 629 terram
1354 591 1478 630 veluti

275 669 498 693 muscarum
518 657 711 701 imagines
732 654 893 701 despuit
914 684 921 691 .
945 683 953 691 .
977 683 985 692 .

332 719 506 756 Mirabar
545 717 734 764 equidem
771 720 1018 765 paupertatis
1058 720 1267 764 ingenium
1304 717 1476 764 singula-

275 795 443 828 rumque
462 794 596 819 rerum
618 780 808 827 quasdam
823 786 949 818 artes:

330 845 423 882 Non
444 843 590 881 Indum
609 843 791 890 fulgebat
811 844 921 890 ebur,
942 843 1048 890 quod
1067 843 1294 882 inhaeserat
1308 856 1416 890 auro,

330 921 405 946 nec
425 910 503 944 iam
524 906 674 944 calcato
693 906 873 944 radiabat
892 920 1088 944 marmore
1108 912 1214 944 terra
1245 942 1251 947 .

329 971 559 1009 muneribus
579 970 717 1008 delusa
737 973 828 1017 suis,
850 970 921 1007 sed
941 975 1049 1008 crate
1069 970 1221 1017 saligna

329 1037 560 1081 impositum
581 1034 734 1071 Cereris
754 1047 900 1071 vacuae
916 1046 1058 1071 nemus
1079 1038 1122 1071 et
1139 1046 1243 1071 nova
1261 1038 1392 1071 terrae

330 1098 483 1145 pocula,
504 1111 605 1144 quae
626 1097 731 1134 facili
751 1097 837 1134 vilis
857 1102 944 1134 rota
963 1097 1131 1134 finxerat
1150 1089 1273 1134 actu.1

331 1162 441 1198 Hinc
459 1161 571 1198 molli
590 1160 720 1198 stillae
739 1160 847 1197 lacus
868 1165 910 1197 et
929 1159 981 1198 de
1001 1159 1164 1197 caudice
1179 1159 1292 1197 lento

329 1222 525 1257 vimineae
544 1219 678 1256 lances
696 1218 972 1264 maculataque
990 1223 1096 1256 testa
1116 1218 1259 1264 Lyaeo.

330 1279 388 1316 At
407 1281 535 1325 paries
555 1280 658 1315 circa
676 1277 790 1324 palea
810 1280 974 1314 satiatus
993 1279 1102 1314 inani

329 1337 574 1383 fortuitoque
593 1336 679 1373 luto
699 1329 845 1373 clavos2
863 1336 1099 1373 numerabat
1116 1339 1306 1381 agrestes,

330 1402 374 1434 et
393 1395 508 1433 viridi
527 1398 645 1432 iunco
664 1394 820 1441 gracilis
840 1394 1045 1441 pendebat
1064 1393 1255 1431 harundo.

331 1455 542 1492 Praeterea
561 1466 662 1500 quae
683 1453 836 1490 fumoso
856 1465 1046 1499 suspensa
1063 1452 1193 1498 tigillo

329 1513 588 1551 conservabat
608 1525 702 1558 opes
721 1511 882 1549 humilis
902 1524 1001 1557 casa,
1022 1513 1135 1549 mitia
1154 1510 1267 1548 sorba

328 1575 435 1610 inter
454 1571 636 1608 odoratas
655 1569 889 1617 pendebant
900 1575 1013 1607 texta
1033 1582 1195 1607 coronas

330 1636 373 1669 et
392 1630 603 1676 thymbrae
623 1634 779 1666 veteres
800 1633 842 1666 et
861 1630 983 1674 passis
1002 1641 1077 1665 uva
1096 1630 1281 1665 racemis:

330 1689 455 1737 qualis
475 1691 517 1726 in
537 1688 689 1725 Actaea
709 1687 909 1734 quondam
929 1686 1005 1723 fuit
1024 1686 1182 1733 hospita
1200 1691 1318 1731 terra,

329 1749 451 1795 digna
471 1749 588 1784 sacris
616 1746 803 1792 Hecales,
819 1758 937 1792 quam
953 1745 1069 1782 Musa
1087 1744 1343 1790 loquentibus
1361 1746 1474 1781 annis

330 1806 539 1844 Battiadae
559 1807 659 1842 vatis
679 1803 899 1841 mirandam
918 1802 1086 1841 tradidit
1104 1815 1201 1840 aevo
1222 1831 1228 1838 .
1253 1831 1261 1839 .
1285 1831 1292 1838 .

332 1859 440 1903 Dum
459 1864 527 1902 illa
547 1866 674 1901 carnis
696 1865 818 1900 etiam
837 1861 1043 1909 paululum
1063 1860 1215 1898 delibat
1233 1856 1242 1897 ’.
1267 1890 1274 1898 .
1299 1889 1306 1898 .

274 1930 317 1963 et
342 1924 438 1961 dum
468 1921 680 1969 coaequale
710 1921 903 1958 natalium
932 1933 1091 1957 suorum
1117 1921 1290 1966 sinciput
1318 1921 1361 1956 in
1391 1931 1473 1956 car-

272 1986 429 2021 narium
468 1981 578 2018 furca
615 1982 787 2026 reponit,
822 1978 948 2016 fracta
978 1983 1040 2015 est
1072 1980 1199 2024 putris
1229 1977 1339 2023 sella,
1372 1989 1473 2023 quae

529 2053 542 2073 ¹
553 2059 635 2087 actu
653 2055 793 2096 margin
809 2054 911 2095 ofL:
933 2056 1014 2084 astu
1030 2063 1070 2084 or
1082 2053 1198 2084 hastu.

531 2099 544 2119 ¹
554 2100 676 2131 clavos
692 2097 907 2129 sambucus:
928 2097 1060 2128 clavus.

385 2155 463 2189 304
