1534 2470
437 207 599 247 TITUS
629 207 942 248 PETRONIUS
971 209 1211 247 ARBITER

216 296 408 334 novacula
427 301 470 334 et
487 299 531 334 in
549 296 625 334 hoc
644 301 790 343 retusa,
810 301 858 336 ut
875 299 1009 344 pueris
1034 297 1279 335 discentibus
1298 298 1418 335 auda-

218 363 319 397 ciam
336 362 507 397 tonsoris
522 359 649 406 daret,
663 363 906 398 instruxerat
920 360 1091 398 thecam.
1151 360 1328 408 Ideoque
1342 374 1419 399 nec

216 426 512 461 mercennarius
531 423 582 461 ad
607 428 766 470 raptum
793 423 1080 461 ferramentum
1100 429 1326 471 expaverat,
1343 437 1421 462 nec

218 487 437 534 Eumolpus
453 487 780 534 interpellaverat
798 490 1000 525 mimicam
1017 493 1200 525 mortem.

137 555 188 594 95
207 550 281 589 LO
312 542 318 597 Ι
338 550 448 588 Dum
474 550 574 588 haec
600 550 735 588 fabula
762 553 870 588 inter
897 556 1078 588 amantes
1097 551 1262 598 luditur,
1281 551 1422 589 dever-

219 617 317 652 sitor
342 627 433 651 cum
459 618 573 660 parte
600 614 767 651 cenulae
792 616 1024 660 intervenit,
1049 614 1422 661 contemplatusque

221 677 491 715 foedissimam
524 677 815 714 volutationem
847 680 1064 715 iacentium
1095 667 1256 724 “rogo”
1291 680 1423 724 inquit

221 731 355 778 “ebrii
381 743 489 786 estis,
514 753 565 777 an
591 739 763 786 fugitivi,
787 753 839 777 an
865 741 1105 786 utrumque?
1161 739 1262 786 Quis
1286 745 1422 777 autem

221 804 432 850 grabatum
452 803 566 840 illum
586 806 727 850 erexit,
747 808 818 841 aut
836 803 933 849 quid
959 803 1034 840 sibi
1057 803 1144 841 vult
1169 808 1252 840 tam
1278 802 1424 840 furtiva

221 867 401 904 molitio?
430 867 510 904 Vos
529 866 779 904 mehercules
798 879 850 904 ne
870 866 1099 904 mercedem
1119 866 1243 904 cellae
1263 866 1425 912 daretis,

222 930 364 977 fugere
383 935 504 968 nocte
523 932 566 967 in
584 930 789 977 publicum
808 929 997 967 voluistis.
1057 929 1138 968 Sed
1152 943 1233 967 non
1247 932 1422 976 impune.

225 993 310 1031 Iam
330 996 438 1031 enim
461 993 552 1030 faxo
578 996 710 1030 sciatis
736 1006 818 1030 non
843 992 986 1030 viduae
1011 992 1115 1030 hanc
1141 992 1311 1030 insulam
1338 1005 1424 1030 esse

224 1057 296 1095 sed
344 1057 399 1094 M.
450 1056 682 1094 Mannicii.”
759 1056 967 1093 Exclamat
1014 1056 1231 1103 Eumolpus
1269 1046 1422 1093 “etiam

224 1120 443 1158 minaris?”
479 1120 676 1166 simulque
710 1132 752 1157 os
785 1119 956 1157 hominis
989 1119 1121 1166 palma
1154 1121 1424 1157 excussissima

226 1185 368 1231 pulsat.
429 1183 504 1221 Ille
523 1188 586 1221 tot
611 1183 814 1229 hospitum
839 1183 1067 1229 potionibus
1092 1182 1263 1220 liberum
1288 1195 1424 1220 urceo-

227 1248 311 1285 lum
330 1246 494 1284 fictilem
513 1249 555 1283 in
575 1246 761 1292 Eumolpi
785 1250 905 1292 caput
928 1245 1121 1283 iaculatus
1144 1250 1207 1283 est
1229 1245 1425 1292 solvitque

228 1310 436 1348 clamantis
455 1309 629 1347 frontem
650 1314 692 1346 et
707 1308 758 1346 de
774 1308 875 1346 cella
889 1321 931 1346 se
946 1311 1150 1355 proripuit.
1209 1308 1426 1355 Eumolpus

228 1373 495 1411 contumeliae
532 1375 746 1419 impatiens
782 1374 888 1418 rapit
924 1371 1104 1417 ligneum
1145 1371 1426 1409 candelabrum

228 1439 488 1483 sequiturque
521 1436 739 1472 abeuntem
771 1440 814 1472 et
844 1435 1090 1472 creberrimis
1118 1434 1263 1472 ictibus
1291 1446 1427 1481 super-

229 1500 365 1538 cilium
383 1512 499 1537 suum
521 1498 708 1536 vindicat.
769 1497 835 1535 Fit
860 1510 1071 1535 concursus
1098 1497 1270 1534 familiae
1295 1496 1427 1544 hospi-

229 1568 397 1609 tumque
436 1563 635 1599 ebriorum
672 1561 909 1607 frequentia.
988 1560 1075 1606 Ego
1113 1565 1249 1597 autem
1285 1565 1426 1597 nactus

230 1632 477 1667 occasionem
499 1628 700 1665 vindictae
725 1627 965 1673 Eumolpum
989 1626 1168 1672 excludo,
1190 1625 1426 1672 redditaque

229 1696 407 1734 scordalo
437 1698 523 1733 vice
557 1698 641 1733 sine
675 1693 832 1732 aemulo
865 1693 1019 1731 scilicet
1052 1697 1094 1730 et
1127 1692 1228 1730 cella
1259 1697 1351 1730 utor
1383 1697 1426 1730 et

229 1769 360 1802 nocte.

285 1831 454 1869 Interim
474 1834 650 1867 coctores
670 1828 926 1874 insulariique
949 1827 1128 1865 mulcant
1154 1826 1358 1865 exclusum
1384 1831 1427 1864 et

228 1899 327 1936 alius
355 1911 451 1935 veru
481 1900 583 1934 extis
615 1896 876 1933 stridentibus
906 1895 1070 1941 plenum
1104 1896 1146 1930 in
1179 1893 1312 1930 oculos
1341 1896 1425 1930 eius

229 1969 418 2010 intentat,
437 1965 536 2002 alius
556 1963 666 2000 furca
681 1962 732 2000 de
748 1964 923 1999 carnario
938 1966 1052 2008 rapta
1066 1965 1214 1998 statum
1230 1959 1424 2006 proelian-

227 2036 280 2071 tis
318 2034 530 2079 componit.
602 2030 715 2067 Anus
753 2018 964 2075 praecipue
1002 2027 1122 2074 lippa,
1157 2025 1424 2064 sordidissimo

227 2102 454 2147 praecincta
486 2098 625 2143 linteo,
656 2095 773 2133 soleis
805 2095 949 2141 ligneis
981 2094 1195 2140 imparibus
1227 2094 1422 2139 imposita,

340 2170 419 2206 190
