1534 2470
146 1396 199 1449 12

456 204 657 243 LUCIUS
687 204 953 242 ANNAEUS
983 203 1193 242 SENECA

225 287 257 322 si
276 284 445 323 honeste
457 277 546 323 me1
559 288 666 322 inter
679 297 748 322 vos
766 286 885 331 gessi,
901 286 934 322 si
952 284 1053 321 nulli
1072 284 1213 321 clarius
1227 282 1427 329 respondi,

224 351 425 389 vindicate
444 354 606 388 iniurias
625 364 745 388 meas.
805 350 892 396 Ego
921 363 992 397 pro
1019 352 1221 388 sententia
1238 362 1328 386 mea
1352 348 1427 386 hoc

225 418 422 455 censeo:''
463 423 585 464 atque
624 420 682 455 ita
720 430 770 455 ex
807 417 957 454 tabella
994 419 1197 454 recitavit:
1236 406 1427 462 “quando

225 484 390 531 quidem
409 485 523 522 divus
544 484 731 522 Claudius
751 484 899 521 occidit
918 497 1098 522 socerum
1117 496 1232 521 suum
1251 482 1427 529 Appium

224 552 418 598 Silanum,
456 564 627 598 generos
666 551 764 588 duos
804 551 998 597 Magnum
1038 550 1271 596 Pompeium
1303 553 1347 586 et
1379 547 1424 585 L.

224 618 417 664 Silanum,
434 631 614 656 socerum
634 618 737 655 filiae
757 631 850 655 suae
871 618 1053 655 Crassum
1073 617 1207 662 Frugi,
1222 616 1426 653 hominem

224 690 308 723 tam
328 685 499 723 similem
520 686 593 722 sibi
613 698 732 731 quam
752 698 825 722 ovo
849 697 980 730 ovum,
1001 684 1247 722 Scriboniam
1272 695 1424 720 socrum

224 752 327 790 filiae
366 765 474 798 suae,
514 764 679 788 uxorem
727 764 838 788 suam
886 750 1144 787 Messalinam
1187 754 1230 787 et
1271 753 1426 786 ceteros

223 832 391 865 quorum
411 831 601 855 numerus
621 820 711 854 iniri
734 831 816 854 non
839 820 984 863 potuit,
1005 816 1138 863 placet
1156 815 1255 852 mihi
1273 818 1315 852 in
1335 828 1427 852 eum

223 899 361 923 severe
381 885 658 930 animadverti,
674 897 750 921 nec
770 884 828 920 illi
847 896 980 920 rerum
999 882 1301 920 iudicandarum
1315 894 1427 918 vaca-

223 955 376 989 tionem
396 952 494 998 dari,
508 964 680 997 eumque
700 964 819 998 quam
838 953 1009 997 primum
1030 952 1242 996 exportari,
1256 954 1299 986 et
1316 948 1427 985 caelo

222 1022 328 1056 intra
347 1021 514 1064 triginta
538 1018 623 1055 dies
651 1018 855 1062 excedere,
881 1017 1055 1063 Olympo
1081 1019 1186 1053 intra
1211 1015 1320 1053 diem
1344 1020 1425 1052 ter-

222 1086 363 1124 tium.’'

279 1153 452 1190 Pedibus
476 1155 519 1189 in
542 1152 646 1189 hanc
670 1154 914 1189 sententiam
938 1153 1040 1187 itum
1064 1155 1136 1187 est.
1196 1149 1283 1187 Nec
1302 1162 1423 1194 mora,

224 1219 427 1266 Cyllenius
446 1219 560 1255 illum
580 1218 681 1255 collo
701 1219 860 1255 obtorto
879 1217 1004 1254 trahit
1023 1216 1074 1254 ad
1093 1215 1254 1262 inferos,
1272 1229 1296 1252 a
1315 1215 1425 1253 caelo

387 1294 537 1340 “illu01
559 1302 667 1340 unde
688 1307 841 1348 negant
859 1302 990 1339 redire
1010 1299 1290 1347 quemquam.’'

224 1392 333 1429 Dum
364 1391 619 1428 descendunt
648 1403 721 1436 per
747 1392 850 1426 viam
877 1402 1040 1434 sacram,
1067 1390 1289 1433 interrogat
1318 1387 1424 1424 Mer-

224 1458 367 1500 curius,
396 1454 493 1500 quid
521 1455 595 1491 sibi
618 1453 717 1490 velit
745 1453 814 1490 ille
843 1464 1056 1489 concursus
1083 1451 1304 1496 hominum,
1326 1463 1424 1487 num

223 1518 378 1556 Claudii
399 1518 517 1554 funus
539 1522 654 1554 esset.
715 1517 769 1553 Et
792 1521 878 1553 erat
901 1518 1078 1552 omnium
1101 1514 1423 1551 formosissimum

225 1587 268 1620 et
286 1585 467 1628 impensa
486 1594 592 1626 cura,
613 1580 731 1626 plane
752 1584 798 1616 ut
817 1582 936 1616 scires
956 1578 1077 1615 deum
1103 1577 1251 1614 efferri:
1279 1577 1422 1613 tubici-

224 1658 334 1691 num,
374 1646 633 1689 cornicinum,
671 1645 799 1680 omnis
836 1644 995 1688 generis
1036 1645 1268 1678 aenatorum
1308 1644 1422 1676 tanta

224 1708 353 1754 turba,
391 1712 529 1744 tantus
568 1711 799 1750 concentus,
834 1710 880 1742 ut
914 1707 1035 1742 etiam
1066 1703 1252 1741 Claudius
1284 1702 1420 1739 audire

224 1776 368 1818 posset.
429 1770 582 1808 Omnes
601 1769 710 1814 laeti,
731 1768 896 1805 hilares:
925 1767 1094 1814 populus
1122 1766 1320 1803 Romanus
1339 1778 1421 1801 am-

224 1834 389 1871 bulabat
421 1838 613 1878 tanquam
645 1832 757 1868 liber.
816 1830 978 1876 Agatho
1013 1834 1055 1867 et
1087 1831 1203 1875 pauci
1235 1827 1420 1865 causidici

223 1897 447 1944 plorabant,
495 1895 566 1932 sed
613 1895 731 1941 plane
780 1907 829 1931 ex
876 1896 1018 1930 animo.
1077 1890 1351 1928 Iurisconsulti
1397 1903 1417 1927 e

223 1961 400 1998 tenebris
438 1958 723 2005 procedebant,
757 1956 907 2004 pallidi,
938 1955 1118 2002 graciles,
1151 1957 1216 1991 vix
1249 1956 1419 1990 animam

221 2023 431 2067 habentes,
464 2026 655 2067 tanquam
693 2023 761 2065 qui
797 2025 885 2057 tum
921 2021 1093 2055 maxime
1125 2019 1415 2055 reviviscerent.

629 2092 770 2123 ¹Added
781 2091 824 2133 by
838 2090 1035 2122 Buecheler.

319 2143 397 2188 396
