1534 2470
493 203 655 244 TITUS
686 204 998 244 PETRONIUS
1026 205 1267 244 ARBITER

272 284 483 321 verborum
513 284 777 331 volubilitate,
808 284 917 322 unde
949 290 1020 323 aut
1049 288 1118 332 qui
1150 298 1338 333 essemus,
1367 284 1475 324 haud

220 346 255 384 L
274 347 395 385 dubie
411 347 669 386 credentibus
688 348 959 386 indicavimus.
994 339 1000 395 Ι
1019 347 1100 396 Qui
1118 352 1255 387 statim
1274 362 1370 396 opes
1387 362 1476 388 suas

272 423 426 448 summo
446 424 537 449 cum
556 414 775 449 certamine
795 414 837 449 in
857 411 1098 459 Eumolpum
1117 417 1414 459 congesserunt.

329 474 523 512 Certatim
560 488 699 512 omnes
740 474 1002 521 heredipetae
1035 476 1267 514 muneribus
1306 478 1475 523 gratiam

274 537 459 584 Eumolpi
479 538 697 576 sollicitant
716 567 724 575 .
748 567 756 575 .
780 567 789 576 .

168 597 243 630 125
329 592 426 630 dum
445 593 545 630 haec
565 606 711 639 magno
730 598 912 639 tempore
933 593 1105 631 Crotone
1124 599 1300 640 aguntur
1319 623 1328 632 .
1350 623 1359 632 .
1382 623 1392 633 .

273 661 317 694 et
343 656 563 703 Eumolpus
590 656 784 694 felicitate
815 656 958 702 plenus
988 660 1127 703 prioris
1156 657 1340 696 fortunae
1371 663 1478 696 esset

272 719 420 757 oblitus
443 723 579 757 statim
602 719 716 766 adeo,
735 725 782 757 ut
802 722 880 757 suis
899 722 1079 766 iactaret,
1098 723 1317 759 neminem'
1323 723 1476 768 gratiae

273 796 368 821 suae
391 783 447 820 ibi
470 796 585 829 posse
609 785 795 821 resistere
818 785 1063 830 impuneque
1087 797 1190 830 suos,
1210 787 1242 822 si
1261 784 1359 831 quid
1377 784 1477 823 deli-

273 848 454 892 quissent
495 849 538 883 in
577 860 624 884 ea
664 847 776 892 urbe,
804 847 1009 884 beneficio
1054 850 1270 885 amicorum
1315 847 1473 886 laturos.

275 909 465 947 Ceterum
499 922 588 955 ego,
619 912 695 947 etsi
729 909 908 955 quotidie
938 912 1065 956 magis
1101 913 1308 957 magisque
1341 923 1476 958 super-

273 972 490 1010 fluentibus
516 973 630 1010 bonis
656 975 882 1019 saginatum
907 986 1049 1019 corpus
1078 973 1336 1020 impleveram
1361 979 1476 1021 puta-

274 1036 445 1082 bamque
471 1049 495 1073 a
521 1035 700 1074 custodia
724 1039 805 1073 mei
827 1039 1040 1074 removisse
1062 1036 1218 1074 vultum
1247 1037 1475 1084 Fortunam,

273 1104 411 1137 tamen
439 1102 596 1146 saepius
624 1104 708 1137 tam
737 1099 1068 1137 consuetudinem
1094 1113 1226 1138 meam
1251 1100 1475 1147 cogitabam

274 1176 393 1209 quam
417 1176 587 1208 causam,
608 1167 651 1200 et
671 1153 831 1209 “quid”
852 1163 1007 1200 aiebam
1028 1153 1094 1200 “si
1112 1163 1278 1201 callidus
1296 1169 1476 1211 captator

274 1226 567 1272 exploratorem
595 1228 638 1263 in
663 1225 841 1263 Africam
869 1228 1023 1264 miserit
1049 1226 1382 1273 mendaciumque
1404 1227 1474 1266 de-

274 1289 535 1335 prehenderit
563 1289 768 1326 nostrum?
812 1289 934 1335 Quid,
960 1292 993 1327 si
1026 1291 1148 1327 etiam
1179 1293 1474 1328 mercennarius

275 1343 496 1399 [Eumolpi]
521 1355 724 1399 praesenti
743 1351 938 1389 felicitate
957 1352 1081 1390 lassus
1100 1352 1291 1390 indicium
1309 1353 1361 1391 ad
1378 1355 1475 1391 ami-

273 1428 339 1454 cos
362 1415 556 1453 detulerit
582 1420 790 1462 totamque
814 1415 1011 1452 fallaciam
1036 1415 1229 1453 invidiosa
1250 1416 1475 1463 proditione

273 1479 499 1517 detexerit?
540 1478 698 1525 Nempe
725 1491 857 1516 rursus
884 1478 1121 1525 fugiendum
1147 1482 1223 1516 erit
1242 1484 1286 1517 et
1310 1478 1474 1518 tandem

274 1547 506 1589 expugnata
546 1547 760 1588 paupertas
802 1555 906 1579 nova
941 1542 1203 1580 mendicitate
1240 1542 1470 1580 revocanda.

274 1606 343 1645 Dii
366 1605 561 1651 deaeque,
582 1618 702 1651 quam
727 1604 832 1642 male
853 1610 915 1642 est
941 1609 1054 1642 extra
1076 1604 1210 1651 legem
1229 1606 1473 1651 viventibus:

271 1668 462 1715 quicquid
480 1673 728 1714 meruerunt,
743 1680 901 1714 semper
921 1668 1194 1714 exspectant.'¹
1217 1697 1224 1705 .
1249 1697 1256 1705 .
1280 1697 1288 1705 .

164 1737 181 1770 1
190 1731 243 1770 26
327 1722 352 1739 “
362 1731 467 1778 Quia
478 1734 584 1769 nosti
597 1744 786 1769 venerem
797 1736 921 1777 tuam,
935 1731 1160 1778 superbiam
1174 1736 1309 1778 captas
1316 1731 1473 1770 vendis-

270 1808 350 1841 que
379 1795 599 1841 amplexus,
628 1807 710 1831 non
740 1794 974 1832 commodas.
1034 1793 1125 1840 Quo
1154 1797 1262 1832 enim
1289 1799 1474 1841 spectant

270 1858 396 1896 flexae
420 1860 583 1904 pectine
609 1870 760 1904 comae,
789 1870 867 1904 quo
896 1857 1016 1895 facies
1044 1857 1308 1895 medicamine
1335 1860 1474 1896 attrita

271 1926 315 1959 et
347 1921 551 1959 oculorum
583 1933 740 1967 quoque
769 1920 899 1958 mollis
927 1920 1164 1967 petulantia,
1193 1933 1271 1966 quo
1298 1923 1472 1960 incessus

268 1971 374 2017 arte²
401 1981 641 2026 compositus
669 1984 711 2016 et
733 1992 786 2016 ne
812 1981 980 2024 vestigia
1003 1979 1165 2025 quidem
1189 1979 1338 2025 pedum
1360 1985 1470 2019 extra

268 2051 496 2077 mensuram
515 2038 753 2083 aberrantia,
774 2039 848 2074 nisi
874 2036 981 2083 quod
1004 2037 1171 2075 formam
1190 2039 1407 2084 prostituis,
1426 2042 1471 2075 ut

674 2100 774 2133 ¹arte
789 2101 935 2132 Dousa:
957 2104 1042 2132 tute.

379 2152 458 2193 276
