1534 2470
148 2025 172 2058 4

449 209 649 248 LUCIUS
679 210 946 249 ANNAEUS
975 210 1184 249 SENECA

212 290 356 328 Annus
387 292 658 335 sexagesimus
687 295 852 336 quartus
883 295 959 337 est,
979 303 1030 327 ex
1058 303 1138 337 quo
1167 303 1258 328 cum
1286 293 1418 328 anima

212 370 399 407 luctatur.
453 369 564 416 Quid
583 369 676 407 huic
697 375 740 407 et
759 372 818 407 rei
837 370 1022 416 publicae
1045 370 1226 408 invides?
1274 370 1418 408 Patere

210 448 516 486 mathematicos
525 448 740 495 aliquando
753 461 891 486 verum
900 449 1047 495 dicere,
1060 452 1128 496 qui
1139 449 1266 496 illum,
1276 462 1326 487 ex
1338 462 1417 496 quo

212 531 397 576 princeps
413 528 542 566 factus
563 533 638 575 est,
659 530 842 566 omnibus
861 532 990 575 annis,
1009 530 1193 567 omnibus
1211 530 1415 568 mensibus

211 608 393 647 efferunt.
435 608 490 646 Et
509 613 646 646 tamen
666 621 747 645 non
764 613 826 651 est
844 590 988 646 mirum
1008 611 1040 646 si
1061 613 1195 646 errant
1215 613 1258 646 et
1275 608 1413 646 horam

211 692 295 727 eius
323 701 443 726 nemo
472 691 604 733 novit3
643 701 762 725 nemo
791 691 899 726 enim
928 701 1103 734 unquam
1131 687 1245 726 illum
1274 693 1411 726 natum

210 771 376 816 putavit.
430 767 507 805 Fac
527 767 634 814 quod
655 767 883 805 faciendum
904 772 986 805 est:

303 864 420 902 Dede
441 866 544 910 neci,
565 863 706 901 melior
726 876 849 901 vacua
869 866 955 901 sine
975 869 1120 910 regnet
1140 867 1182 902 in
1201 863 1316 903 aula’
1330 863 1353 878 ”

208 961 289 1000 Sed
309 960 454 998 Clotho
475 950 586 1006 “ego
605 959 890 997 mehercules'’
911 962 1044 1006 inquit
1066 951 1286 1007 “pusillum
1305 966 1408 999 tem-

206 1043 312 1089 poris
344 1041 503 1078 adicere
538 1040 596 1077 illi
631 1040 827 1087 volebam,
864 1040 960 1078 dum
998 1039 1070 1077 hos
1103 1040 1304 1087 pauculos,
1339 1044 1406 1088 qui

207 1125 433 1168 supersunt,
455 1122 618 1157 civitate
638 1119 811 1156 donaret
836 1111 1121 1164 (constituerat
1141 1123 1248 1157 enim
1267 1133 1405 1159 omnes

208 1201 395 1246 Graecos,
417 1199 567 1246 Gallos,
593 1199 808 1245 Hispanos,
831 1198 1042 1236 Britannos
1065 1204 1223 1245 togatos
1251 1193 1406 1246 videre)

207 1280 279 1318 sed
288 1282 486 1326 ‘quoniam
506 1278 640 1325 placet
658 1277 810 1324 aliquos
830 1281 1062 1325 peregrinos
1077 1281 1119 1316 in
1133 1292 1272 1317 semen
1286 1280 1404 1318 relin-

206 1362 275 1407 qui
295 1364 338 1397 et
356 1364 402 1396 tu
422 1361 479 1396 ita
498 1359 611 1396 iubes
630 1358 727 1404 fieri,
744 1358 849 1395 fiat.'’
882 1358 1027 1404 Aperit
1045 1363 1133 1396 tum
1148 1358 1347 1405 capsulam
1363 1365 1406 1398 et

205 1445 288 1478 tres
314 1439 421 1476 fusos
449 1438 622 1485 profert:
652 1450 755 1475 unus
785 1442 870 1475 erat
898 1437 1109 1484 Augurini,
1128 1437 1230 1475 alter
1258 1438 1404 1486 Babae,

205 1521 349 1558 tertius
369 1517 533 1555 Claudii.
567 1507 722 1554 “Hos’'
743 1519 875 1563 inquit
895 1507 1009 1554 “tres
1029 1529 1109 1554 uno
1127 1530 1232 1554 anno
1251 1521 1404 1564 exiguis

205 1597 425 1636 intervallis
454 1602 681 1643 temporum
710 1595 854 1633 divisos
882 1598 982 1632 mori
1010 1596 1167 1642 iubebo,
1187 1609 1262 1634 nec
1290 1597 1402 1635 illum

206 1680 485 1716 incomitatum
514 1677 726 1714 dimittam.
786 1675 878 1712 Non
898 1680 1058 1722 oportet
1083 1678 1190 1712 enim
1210 1689 1314 1722 eum,
1334 1680 1401 1723 qui

205 1757 323 1795 modo
354 1770 396 1795 se
427 1761 494 1799 tot
523 1756 632 1792 milia
665 1755 872 1792 hominum
906 1757 1114 1800 sequentia
1147 1754 1320 1802 videbat,
1339 1761 1402 1795 tot

205 1836 501 1884 praecedentia,
530 1840 594 1872 tot
625 1834 874 1880 circumfusa,
903 1835 1035 1871 subito
1066 1834 1192 1871 solum
1223 1834 1396 1875 destitui.

205 1917 429 1954 Contentus
448 1918 526 1952 erit
545 1914 606 1951 his
625 1916 787 1951 interim
808 1913 1135 1951 convictoribus.’·

258 2020 375 2057 Haec
395 2022 452 2056 ait
472 2024 514 2056 et
533 2020 641 2064 turpi
663 2017 900 2054 convolvens
919 2020 1089 2054 stamina
1108 2017 1196 2054 fuso

256 2095 416 2141 abrupit
436 2094 604 2132 stolidae
623 2092 773 2137 regalia
792 2097 971 2138 tempora
990 2095 1106 2129 vitae.

312 2153 389 2191 874
