1534 2470
493 216 654 255 TITUS
686 216 997 258 PETRONIUS
1025 216 1266 255 ARBITER

272 300 447 333 staturae
491 295 748 335 altitudinem
791 296 1006 343 adiecerat,
1050 309 1251 343 anumque
1297 297 1474 345 pondere

272 372 343 397 suo
371 359 570 397 deiectam
589 372 708 406 super
735 359 911 397 foculum
941 362 1078 398 mittit.
1139 360 1351 407 Frangitur
1379 374 1475 408 ergo

273 425 405 460 cervix
443 422 675 459 cucumulae
714 425 930 469 ignemque
971 422 1094 460 modo
1129 423 1475 462 convalescentem

221 485 256 523 L
275 488 500 532 restinguit.
537 476 542 531 Ι
575 486 705 523 Vexat
742 486 921 523 cubitum
958 488 1043 533 ipsa
1072 489 1210 532 stipite
1247 486 1405 525 ardenti
1437 478 1443 534 Ι

189 548 260 586 LO
275 548 497 595 faciemque
535 553 662 586 totam
701 551 874 586 excitato
913 552 1046 587 cinere
1085 549 1302 596 perfundit.
1372 550 1474 588 Con-

271 615 423 650 surrexi
463 612 650 659 equidem
687 612 870 650 turbatus
909 625 1109 659 anumque
1148 626 1231 650 non
1271 615 1357 651 sine
1394 616 1474 652 risu

272 688 381 713 erexi
401 705 408 713 .
433 705 440 712 .
464 704 472 713 .

219 738 255 776 L
290 730 296 785 Ι
329 739 567 785 Statimque,
587 751 639 776 ne
666 752 728 776 res
754 739 886 785 aliqua
911 739 1144 779 sacrificium
1170 744 1402 786 moraretur,
1422 739 1474 778 ad

273 802 531 840 reficiendum
550 805 687 849 ignem
706 799 748 839 in
768 805 951 839 viciniam
974 805 1157 840 cucurrit.
1181 831 1188 839 .
1213 831 1221 840 .
1245 832 1253 840 .

221 866 273 904 O>
291 858 296 912 Ι
330 865 472 912 Itaque
490 865 542 903 ad
561 878 673 903 casae
693 866 879 903 ostiolum
898 868 1070 911 processi
1090 895 1097 903 .
1122 895 1130 903 .
1153 895 1161 903 .

165 920 300 975 ΕΟΙΕΙ
332 942 422 966 cum
451 939 545 966 ecce
574 933 656 966 tres
685 941 844 966 anseres
874 931 972 966 sacri
1002 919 1007 974 Ι
1040 931 1120 975 qui,
1146 934 1193 966 ut
1220 933 1319 976 puto
1340 928 1473 967 medio

183 992 255 1030 LO
274 992 340 1031 die
374 992 557 1030 solebant
589 992 640 1029 ab
677 1005 756 1029 anu
797 992 920 1029 diaria
960 995 1133 1038 exigere,
1165 983 1170 1038 Ι
1202 995 1397 1039 impetum
1430 995 1473 1030 in

271 1067 337 1092 me
386 1054 540 1092 faciunt
588 1053 786 1100 foedoque
835 1067 881 1091 ac
928 1054 1053 1091 veluti
1101 1055 1255 1092 rabioso
1302 1054 1471 1096 stridore

273 1115 570 1151 circumsistunt
610 1112 892 1159 trepidantem.
971 1113 1106 1158 Atque
1147 1112 1246 1150 alius
1293 1116 1468 1151 tunicam

270 1185 402 1210 meam
427 1172 589 1217 lacerat,
615 1171 714 1208 alius
745 1171 901 1208 vincula
926 1171 1286 1208 calceamentorum
1310 1163 1468 1210 resolvit

270 1245 317 1268 ac
354 1230 499 1275 trahit3
537 1243 639 1269 unus
679 1232 813 1275 etiam,
853 1229 934 1266 dux
972 1243 1018 1266 ac
1055 1232 1245 1276 magister
1270 1232 1470 1277 saevitiae,

271 1303 355 1327 non
390 1289 589 1327 dubitavit
633 1301 721 1326 crus
765 1301 900 1326 meum
937 1293 1087 1325 serrato
1133 1301 1276 1326 vexare
1324 1301 1466 1327 morsu.

270 1348 434 1387 Oblitus
479 1350 615 1393 itaque
661 1360 858 1392 nugarum
899 1346 1045 1393 pedem
1082 1346 1286 1384 mensulae
1324 1351 1470 1385 extorsi
1513 1344 1516 1346 ’

272 1409 465 1453 coepique
530 1408 865 1452 pugnacissimum
921 1404 1067 1442 animal
1123 1410 1274 1442 armata
1321 1405 1470 1442 elidere

268 1479 402 1503 manu.
461 1464 548 1502 Nec
595 1467 759 1501 satiatus
805 1463 1056 1501 defunctorio
1102 1466 1198 1509 ictu,
1239 1468 1368 1501 morte
1403 1462 1470 1500 me

270 1526 419 1561 anseris
439 1523 654 1561 vindicavi:

380 1586 497 1624 Tales
518 1585 721 1623 Herculea
739 1584 1034 1631 Stymphalidas
1052 1589 1138 1622 arte
1157 1589 1312 1622 coactas

380 1644 432 1682 ad
451 1644 605 1682 caelum
623 1643 772 1689 fugisse
790 1656 891 1688 reor,
911 1655 1146 1689 pennaeque
1165 1642 1324 1680 fluentis

382 1704 592 1750 Harpyias,
609 1715 699 1739 cum
720 1701 870 1738 Phineo
890 1701 1078 1738 maduere
1098 1714 1252 1738 veneno

382 1761 542 1799 fallaces
562 1760 714 1807 epulae.
773 1759 955 1797 Tremuit
974 1762 1209 1806 perterritus
1228 1759 1369 1797 aether

356 1820 606 1867 planctibus
624 1818 805 1864 insolitis,
825 1818 1066 1863 confusaque
1085 1820 1195 1863 regia
1213 1817 1339 1855 caeli.

219 1878 253 1917 L
288 1870 294 1923 Ι
329 1878 412 1915 Iam
430 1877 573 1924 reliqui
590 1876 811 1914 revolutam
825 1878 1047 1922 passimque
1067 1889 1139 1921 per
1156 1880 1287 1913 totum
1307 1867 1467 1914 effusam

271 1939 544 1987 pavimentum
558 1935 804 1980 collegerant
818 1934 961 1979 fabam,
977 1934 1195 1979 orbatique,
1211 1939 1257 1971 ut
1272 1936 1466 1980 existimo,

272 1995 374 2041 duce
407 1994 610 2032 redierant
643 1996 685 2029 in
718 1992 927 2038 templum,
958 2005 1047 2029 cum
1074 2004 1149 2037 ego
1174 1991 1321 2038 praeda
1350 1991 1466 2038 simul

271 2058 392 2099 atque
415 2043 532 2098 ¹[hac]
562 2051 737 2088 vindicta
769 2050 948 2096 gaudens
986 2055 1076 2096 post
1112 2050 1263 2087 lectum
1294 2052 1464 2087 occisum

270 2124 461 2202 anseren}5
489 2113 607 2149 mitto
644 2109 866 2154 vulnusque
905 2111 1026 2145 cruris
1058 2107 1166 2145 haud
1196 2108 1333 2147 altum.
1351 2112 1465 2145 aceto

371 2169 434 2202 “30
