1534 2470
462 199 624 240 TITUS
654 200 975 240 PETRONIUS·
995 199 1236 240 ARBITER

160 283 211 323 98
242 283 496 318 carissimum.
565 282 623 320 At
651 295 732 319 non
761 295 895 320 servus
928 282 1109 329 publicus
1139 287 1223 319 tam
1255 280 1445 328 languide

243 350 340 394 agit,
365 348 436 385 sed
462 354 617 395 raptam
645 351 813 395 cauponi
839 348 1106 386 harundinem
1132 349 1270 386 subter
1294 348 1446 386 lectum

242 417 371 452 mittit
400 418 612 461 omniaque
643 418 765 453 etiam
791 415 984 452 foramina
1009 418 1208 462 parietum
1235 419 1442 453 scrutatur.

245 482 504 519 Subducebat
525 482 650 520 Giton
668 483 719 520 ab
738 485 821 520 ictu
848 495 989 529 eorpus
1017 487 1059 520 et
1084 481 1252 520 reducto
1277 481 1446 520 timidis-

244 551 342 586 sime
362 551 503 595 spiritu
523 551 628 595 ipsos
648 549 847 595 sciniphes
867 562 935 586 ore
955 549 1149 595 tangebat
1162 578 1170 586 .
1186 578 1194 586 .
1210 578 1218 586 .

300 616 518 663 Eumolpus
538 621 687 662 autem,
708 619 800 663 quia
820 616 1027 653 effractum
1053 618 1199 654 ostium
1225 615 1350 653 cellae
1374 627 1446 653 ne-

244 686 395 721 minem
432 688 591 730 poterat
629 683 857 729 excludere,
890 686 1074 729 irrumpit
1111 682 1367 729 perturbatus
1404 686 1448 719 et

245 741 421 788 “mille”
443 753 575 797 inquit
596 740 812 787 “nummos
832 752 988 795 inveni3
1016 752 1095 786 iam
1111 752 1218 787 enim
1233 761 1448 796 persequar

245 818 463 855 abeuntem
482 830 721 864 praeconem
738 822 780 854 et
794 819 836 853 in
853 821 1054 863 potestate
1070 821 1140 854 tua
1154 829 1240 854 esse
1257 816 1447 854 Gitonem

245 887 497 922 meritissima
516 877 756 930 proditionel
775 883 1041 920 monstrabo.’'
1102 883 1245 920 Genua
1264 895 1340 929 ego
1358 894 1448 929 per-

245 954 463 990 severantis
482 951 715 997 amplector,
735 963 787 987 ne
807 952 1024 987 morientes
1043 949 1168 987 vellet
1191 949 1386 996 occidere,
1406 953 1446 986 et

246 1010 453 1057 “merito’'
475 1021 639 1064 inquam
659 1007 1015 1063 “excandesceres,
1036 1019 1068 1054 si
1082 1029 1216 1064 posses
1228 1007 1448 1063 perditum²

245 1086 469 1124 ostendere.
530 1085 648 1121 Nunc
678 1087 784 1121 inter
813 1084 970 1120 turbam
998 1096 1098 1129 puer
1125 1082 1243 1129 fugit,
1267 1095 1342 1120 nec
1368 1095 1447 1129 quo

244 1154 400 1198 abierit,
417 1154 605 1198 suspicari
625 1163 793 1197 possum.
856 1150 930 1187 Per
949 1149 1082 1195 fidem,
1099 1149 1309 1196 Eumolpe,
1322 1149 1445 1188 reduc

246 1229 414 1263 puerum
434 1220 477 1252 et
502 1214 566 1251 vel
587 1213 753 1259 Ascylto
780 1212 943 1250 redde.'’
1004 1212 1112 1249 Dum
1138 1212 1238 1250 haec
1265 1225 1341 1258 ego
1366 1214 1445 1250 iam

246 1279 427 1316 credenti
446 1277 681 1324 persuadeo,
703 1276 827 1313 Giton
854 1275 1091 1313 collectione
1117 1277 1277 1323 spiritus
1302 1275 1446 1322 plenus

246 1348 309 1380 ter
328 1344 518 1379 continuo
537 1343 593 1377 ita
620 1341 872 1384 sternutavit,
893 1343 939 1376 ut
963 1339 1174 1385 grabatum
1200 1342 1442 1375 concuteret.

246 1406 311 1443 Ad
332 1418 451 1451 quem
470 1408 624 1440 motum
646 1402 863 1448 Eumolpus
888 1414 1099 1438 conversus
1123 1400 1274 1438 salvere
1298 1400 1447 1438 Gitona

246 1470 367 1507 iubet.
431 1468 598 1504 Remota
628 1469 749 1503 etiam
779 1465 924 1502 culcita
952 1464 1063 1501 videt
1091 1464 1262 1510 Vlixem,
1291 1466 1355 1501 cui
1383 1463 1446 1501 vel

246 1535 423 1570 esuriens
453 1530 620 1576 Cyclops
650 1531 846 1575 potuisset
874 1540 1047 1574 parcere.
1109 1527 1204 1564 Mox
1236 1539 1446 1564 conversus

246 1596 297 1633 ad
330 1608 394 1632 me
429 1585 559 1639 “quid
594 1592 686 1629 est”
722 1594 854 1637 inquit
889 1581 1047 1627 “latro?
1086 1602 1139 1627 ne
1173 1589 1445 1636 deprehensus

246 1659 409 1706 quidem
436 1669 552 1694 ausus
580 1668 622 1693 es
648 1654 747 1691 mihi
774 1667 912 1691 verum
931 1654 1075 1691 dicere.
1137 1652 1264 1690 Immo
1283 1655 1326 1689 m'
1345 1652 1445 1690 deus

246 1722 407 1769 quidam
441 1720 703 1757 humanarum
736 1731 870 1754 rerum
902 1717 1051 1754 arbiter
1087 1715 1283 1762 pendenti
1319 1728 1444 1762 puero

246 1787 482 1823 excussisset
502 1782 706 1826 indicium,
720 1780 851 1817 elusus
871 1783 973 1816 circa
987 1782 1152 1825 popinas
1165 1791 1336 1816 errarem
1346 1778 1368 1791 '⁹
1384 1808 1392 1816 .
1408 1808 1416 1816 .
1432 1807 1441 1816 .

301 1849 424 1886 Giton
454 1846 575 1891 longe
609 1843 791 1880 blandior
821 1855 939 1888 quam
971 1855 1058 1888 eg0,
1090 1844 1261 1888 primum
1291 1844 1443 1879 araneis

245 1912 333 1966 oleo
365 1908 620 1947 madentibus
651 1906 806 1951 vulnus,
838 1905 945 1951 quod
975 1908 1017 1942 in
1050 1904 1260 1951 supercilio
1293 1904 1443 1942 factum

245 1980 342 2020 erat,
363 1974 564 2010 coartavit.
625 1969 721 2006 Mox
747 1968 907 2015 palliolo
935 1981 1005 2005 suo
1031 1967 1244 2004 laceratam
1272 1970 1442 2005 mutavit

502 2050 710 2092 ¹proditone
726 2047 910 2079 Richard:
925 2047 1179 2089 propositione.

499 2093 701 2137 perditum
709 2090 862 2132 jacobs
876 2090 1067 2133 proditum.

352 2154 430 2202 196
