1534 2470
119 1280 194 1312 102

447 209 609 250 TITUS
640 211 952 252 PETRONIUS
981 212 1220 251 ARBITER

227 300 409 334 pommus
429 295 472 328 et
491 293 600 328 omni
618 304 691 329 nos
717 292 894 338 periculo
913 292 1165 331 liberamus.''
1225 284 1251 302 “
1263 292 1427 332 Immo''

225 349 357 393 inquit
384 348 508 386 Giton
540 340 772 396 “persuade
802 352 1073 397 gubernatori,
1101 356 1148 389 ut
1179 354 1222 390 in
1255 351 1429 399 aliquem

225 411 385 452 portum
413 420 557 445 navem
585 407 771 455 deducat,
792 422 874 446 non
902 413 988 447 sine
1006 413 1182 456 praemio
1202 410 1367 458 scilicet,
1387 416 1430 449 et

224 465 372 501 affirma
392 468 429 502 ei
449 468 728 512 impatientem
751 470 870 505 maris
894 467 1059 506 fratrem
1082 473 1198 506 tuum
1217 471 1259 506 in
1278 469 1428 507 ultimis

225 535 322 561 esse.
375 523 527 562 Poteris
547 524 650 562 hanc
670 526 965 563 simulationem
985 531 1027 564 et
1042 527 1175 564 vultus
1196 526 1428 565 confusione

225 586 268 619 et
281 581 451 619 lacrimis
466 583 715 630 obumbrare,
729 589 774 621 ut
788 584 1056 622 misericordia
1067 590 1270 632 permotus
1282 585 1427 631 guber-

224 645 340 678 nator
376 641 586 687 indulgeat
613 642 726 679 tibi.”
785 643 960 689 Negavit
987 642 1063 681 hoc
1092 643 1310 690 Eumolpus
1343 643 1428 682 fieri

224 712 351 746 posse,
382 690 407 707 “
420 703 512 746 quia
548 714 694 746 magna
707 701 728 714 ’'
768 704 900 748 inquit
928 692 953 709 “
965 704 1123 748 navigia
1159 702 1352 748 portubus
1383 715 1427 740 se

223 761 394 796 curvatis
414 761 629 804 insinuant,
646 773 721 796 nec
741 764 824 796 tam
844 763 924 797 cito
943 760 1108 797 fratrem
1127 760 1322 798 defecisse
1341 763 1425 798 veri

223 817 351 855 simile
371 820 457 854 erit.
517 817 688 855 Accedit
716 818 790 865 his,
810 818 917 864 quod
945 818 1110 856 forsitan
1140 818 1283 856 Lichas
1311 819 1426 856 officii

223 889 340 913 causa
376 878 502 913 visere
535 875 796 922 languentem
830 876 1083 914 desiderabit.
1143 877 1277 924 Vides,
1307 889 1426 923 quam

224 933 339 971 valde
377 935 490 972 nobis
528 934 729 981 expediat,
762 935 867 972 ultro
905 935 1111 972 dominum
1142 935 1194 973 ad
1224 935 1426 982 fugientes

223 985 453 1030 accersere.¹
512 993 593 1031 Sed
613 993 718 1040 finge
739 1007 882 1031 navem
911 995 961 1031 ab
989 996 1146 1039 ingenti
1174 1006 1288 1040 posse
1309 1007 1424 1031 cursu

223 1051 382 1090 deflecti
398 1057 440 1089 et
456 1051 621 1088 Licham
640 1065 721 1089 non
740 1055 879 1098 utique
900 1055 1197 1089 circumiturum
1215 1065 1424 1098 aegrorum

224 1110 388 1147 cubilia:
418 1109 616 1156 quomodo
636 1123 842 1156 possumus
863 1109 1001 1156 egredi
1024 1122 1138 1156 nave,
1158 1115 1204 1147 ut
1223 1123 1304 1147 non
1330 1123 1423 1147 con-

223 1168 434 1211 spiciamur
470 1178 494 1201 a
527 1166 705 1202 cunctis?
763 1166 925 1210 Opertis
959 1165 1166 1211 capitibus,
1197 1178 1248 1201 an
1280 1165 1422 1202 nudis?

224 1221 400 1266 Opertis,
421 1225 464 1257 et
483 1222 570 1265 quis
589 1233 670 1256 non
691 1219 784 1257 dare
805 1233 966 1256 manum
986 1220 1269 1266 languentibus
1288 1220 1421 1257 volet?

224 1275 366 1321 Nudis,
387 1280 429 1312 et
449 1275 545 1320 quid
565 1277 641 1311 erit
660 1274 768 1311 aliud
789 1288 907 1321 quam
927 1288 968 1312 se
995 1278 1099 1321 ipsos
1119 1274 1420 1321 proscribere?”

224 1321 367 1376 “Quin
386 1330 548 1376 potius”
570 1333 733 1376 inquam
753 1343 828 1376 ego
849 1321 933 1366 “ad
952 1332 1223 1367 temeritatem
1244 1329 1423 1376 confugi-

222 1398 311 1423 mus
331 1390 373 1422 et
392 1398 464 1431 per
483 1384 621 1422 funem
640 1385 739 1431 lapsi
759 1385 1037 1422 descendimus
1051 1388 1093 1421 in
1108 1384 1293 1431 scapham
1308 1397 1422 1431 prae-

224 1444 383 1486 cisoque
403 1440 561 1477 vinculo
581 1440 733 1486 reliqua
752 1440 936 1477 fortunae
964 1440 1278 1477 committimus?
1334 1439 1420 1477 Nec

222 1509 298 1541 ego
317 1499 359 1532 in
379 1495 454 1532 hoc
473 1495 693 1541 periculum
714 1495 938 1541 Eumolpon
957 1507 1120 1531 arcesso.
1180 1493 1289 1540 Quid
1315 1497 1422 1531 enim

221 1553 371 1588 attinet
398 1553 656 1587 innocentem
684 1550 814 1586 alieno
840 1549 1016 1596 periculo
1035 1550 1265 1595 imponere?
1321 1549 1424 1586 Con-

221 1610 359 1643 tentus
397 1618 496 1650 sum,
529 1608 561 1642 si
598 1618 670 1642 nos
708 1604 1001 1642 descendentes
1037 1604 1234 1641 adiuverit
1270 1602 1423 1641 casus.’'

223 1652 248 1668 “
261 1661 353 1697 Non
378 1660 609 1706 imprudens
623 1660 645 1672 ’'
666 1663 797 1705 inquit
818 1651 841 1667 “
855 1659 1062 1696 consilium
1075 1659 1097 1671 ''
1115 1658 1330 1705 Eumolpos
1351 1650 1376 1666 “
1388 1661 1420 1696 si

220 1716 374 1753 aditum
411 1715 588 1752 haberet.
657 1714 756 1760 Quis
794 1717 902 1751 enim
940 1727 1021 1750 non
1059 1719 1201 1751 euntes
1238 1714 1420 1750 notabit?

225 1771 372 1816 Utique
391 1771 647 1816 gubernator,
661 1772 728 1815 qui
747 1769 914 1815 pervigil
934 1774 1053 1806 nocte
1069 1768 1243 1806 siderum
1262 1780 1419 1814 quoque

218 1830 350 1863 motus
367 1825 550 1862 custodit.
611 1825 665 1861 Et
679 1829 883 1869 utcunque
899 1826 1049 1869 imponi
1068 1815 1186 1860 nihil²
1206 1823 1419 1860 dormienti

219 1885 365 1927 posset,
391 1883 423 1917 si
451 1892 524 1926 per
551 1879 668 1915 aliam
698 1884 852 1925 partem
881 1881 991 1915 navis
1019 1878 1114 1924 fuga
1142 1882 1419 1924 quaereretur:

217 1949 324 1973 nunc
351 1948 423 1981 per
448 1937 626 1980 puppim,
648 1947 719 1980 per
744 1936 829 1979 ipsa
854 1933 1123 1979 gubernacula
1149 1932 1418 1970 delabendum

217 1995 290 2036 est,
317 2004 340 2027 a
371 2002 538 2036 quorum
566 1991 730 2035 regione
760 1988 865 2025 funis
899 1987 1120 2033 descendit,
1148 1990 1215 2033 qui
1249 1986 1417 2033 scaphae

495 2069 502 2087 ¹
517 2079 701 2100 accersere
715 2068 929 2099 Buecheler:
944 2068 1126 2100 accedere.

493 2110 508 2131 ²
518 2113 603 2144 nihil
619 2111 811 2143 Buecheler
820 2122 832 2143 .·
847 2112 913 2143 vel.

324 2169 402 2202 ‘204
