1534 2470
439 213 602 254 TITUS
633 216 944 257 PETRONIUS
974 218 1214 256 ARBITER

220 294 340 333 fidem
370 295 530 334 habere.
590 296 690 344 Vah,
718 297 825 335 bella
854 311 917 336 res
948 304 1010 337 est
1047 299 1173 346 volpis
1210 299 1299 338 uda.
1359 299 1420 339 Ita

219 362 374 400 lucrum
402 362 544 400 faciam
574 369 617 401 et
649 366 706 402 ita
739 365 844 403 bene
876 368 1021 403 moriar
1049 371 1121 404 aut
1153 366 1322 414 populus
1351 379 1423 414 per

220 433 373 468 exitum
391 443 526 468 meum
545 434 664 478 iuret,
677 434 752 469 nisi
771 437 814 470 te
833 433 982 479 ubique
1000 437 1097 480 toga
1108 447 1299 481 perversa
1310 433 1424 472 fuero

220 502 463 544 persecutus.
524 497 636 536 Bella
654 512 717 536 res
738 503 780 537 et
799 502 888 546 iste,
909 503 976 546 qui
996 505 1040 538 te
1062 500 1162 539 haec
1185 501 1318 548 docet,
1336 515 1423 539 mu-

221 564 330 611 frius,
362 578 443 602 non
473 568 674 612 magister.
733 559 839 604 Nos1
869 567 1093 614 didicimus,
1127 568 1287 606 dicebat
1316 571 1423 606 enim

221 635 434 678 magister:
464 623 588 671 ‘Sunt
621 638 753 671 vestra
785 633 916 672 salva?
956 639 1067 672 recta
1099 634 1283 682 domum3
1317 648 1424 683 cave,

222 702 534 747 circumspicias3
574 713 682 747 cave,
716 703 906 739 maiorem
944 701 1168 740 maledicas.
1234 702 1320 740 Aut
1350 715 1425 740 nu-

221 780 331 805 mera
361 768 551 814 mapalia:
581 782 700 805 nemo
731 768 926 815 dupondii
956 769 1114 807 evadit.’
1188 769 1288 816 Ego,
1319 769 1425 816 quod

220 847 286 872 me
315 837 371 872 sic
404 835 528 882 vides,
559 840 724 882 propter
756 836 966 874 artificium
998 849 1134 874 meum
1171 836 1246 875 diis
1279 839 1424 883 gratias

221 902 336 948 ag0.”

142 973 193 1012 59
278 969 474 1016 Coeperat
493 970 678 1016 Ascyltos
701 971 944 1017 respondere
960 973 1148 1018 convicio,
1169 970 1242 1009 sed
1259 970 1425 1008 Trimal-

222 1037 312 1075 chio
341 1037 564 1075 delectatus
591 1038 787 1076 colliberti
814 1038 1044 1084 eloquentia
1070 1029 1231 1084 “Agite
1244 1038 1267 1052 ”
1294 1040 1426 1085 inquit

224 1095 467 1143 “scordalias
505 1105 556 1143 de
594 1106 737 1143 medio.
811 1106 994 1143 Suaviter
1025 1109 1078 1144 sit
1110 1109 1255 1153 potius,
1290 1111 1334 1144 et
1365 1110 1424 1152 tu,

224 1172 456 1218 Hermeros,
477 1185 594 1219 parce
614 1172 928 1210 adulescentulo.
987 1172 1177 1219 Sanguen
1199 1173 1259 1210 illi
1281 1172 1424 1219 fervet,

127 1238 206 1277 HL
224 1244 270 1277 tu
289 1239 430 1277 melior
450 1244 546 1277 esto.
582 1231 588 1285 Ι
621 1240 788 1286 Semper
813 1243 855 1277 in
882 1239 956 1277 hac
983 1253 1026 1278 re
1050 1243 1118 1286 qui
1137 1243 1320 1286 vincitur,
1339 1243 1425 1278 vin-

159 1306 206 1344 H
223 1309 288 1344 cit.
324 1298 330 1353 Ι
363 1307 417 1344 Et
439 1312 485 1345 tu
512 1320 604 1345 cum
631 1320 736 1345 esses
763 1320 874 1354 capo,
894 1320 1097 1354 cocococo,
1116 1312 1239 1354 atque
1259 1321 1326 1345 cor
1342 1320 1425 1345 non

222 1374 408 1412 habebas.
468 1375 598 1413 Simus
630 1387 738 1421 ergo,
770 1375 877 1421 quod
907 1375 1050 1413 melius
1082 1380 1156 1421 est,
1186 1389 1210 1412 a
1241 1377 1424 1421 primitiis

223 1441 369 1479 hilares
402 1447 446 1480 et
480 1442 731 1479 Homeristas
765 1442 1030 1488 spectemus.”
1097 1441 1268 1479 Intravit
1303 1441 1425 1479 factio

224 1512 360 1547 statim
388 1509 592 1556 hastisque
620 1515 733 1547 scuta
762 1512 1004 1556 concrepuit.
1065 1509 1156 1556 Ipse
1187 1509 1425 1546 Trimalchio

225 1583 266 1618 in
288 1581 452 1627 pulvino
476 1581 670 1626 consedit,
691 1586 734 1618 et
758 1594 848 1618 cum
876 1581 1132 1618 Homeristae
1157 1581 1319 1618 Graecis
1338 1593 1424 1618 ver-

225 1652 331 1690 sibus
351 1651 686 1698 colloquerentur,
707 1656 754 1688 ut
779 1651 1000 1689 insolenter
1025 1651 1168 1696 solent,
1188 1651 1257 1688 ille
1283 1664 1424 1689 canora

224 1735 320 1759 voce
360 1721 504 1759 Latine
542 1721 705 1767 legebat
742 1721 898 1758 librum.
978 1722 1074 1758 Mox
1111 1721 1271 1759 silentio
1318 1721 1423 1759 facto

224 1783 396 1830 “scitis'’
418 1795 549 1838 inquit
570 1782 722 1838 “quam
741 1791 916 1828 fabulam
934 1793 1081 1837 agant?
1139 1791 1355 1830 Diomedes
1381 1797 1425 1830 ei*

224 1863 479 1910 Ganymedes
506 1863 585 1900 duo
614 1862 756 1899 fratres
786 1862 959 1899 fuerunt.
1021 1863 1179 1900 Horum
1205 1875 1312 1900 soror
1338 1868 1424 1901 erat

225 1934 395 1973 Helena.
455 1933 735 1980 Agamemnon
754 1932 862 1969 illam
882 1935 1013 1979 rapuit
1033 1938 1076 1970 et
1096 1933 1248 1971 Dianae
1268 1946 1423 1971 cervam

222 2006 401 2043 subiecit.
462 2003 525 2041 Ita
561 2016 668 2040 nunc
707 2003 906 2040 Homeros
945 2003 1055 2049 dicit,
1089 2003 1422 2049 quemadmodum

396 2108 407 2128 ¹
419 2119 485 2142 nos
502 2109 616 2141 added
628 2108 671 2150 by
678 2108 816 2149 Jacobs,
837 2108 912 2140 who
928 2108 1015 2140 read
1027 2119 1092 2140 nos
1108 2108 1236 2149 magis-

336 2167 351 2198 l
360 2165 410 2198 08
