1534 2470
471 194 634 233 TITUS
664 194 976 234 PETRONIUS
1005 194 1244 232 ARBITER

178 330 225 370 16
254 275 365 368 {1901}2
363 274 579 368 ἑὶςλὲὲΐωε,
599 333 694 369 satis
713 344 789 368 nec
809 343 911 377 quae
930 330 1018 368 vult
1037 330 1144 368 bella
1157 321 1298 368 videri¹

363 389 489 427 debet
503 389 657 436 vulgari
676 403 787 427 more
806 389 965 436 placere
985 390 1070 427 sibi.

255 448 388 495 Dicta,
409 448 524 494 sales,
545 448 667 495 lusus,
688 451 880 486 sermonis
903 450 1045 495 gratia,
1063 450 1164 485 risus

364 510 532 544 vincunt
550 512 718 544 naturae
739 507 978 544 candidioris
996 519 1105 553 opus.

256 566 404 604 Condit
423 569 531 604 enim
551 566 718 603 formam
740 566 930 612 quicquid
951 567 1197 603 consumitur
1214 567 1324 611 artis,

365 629 408 663 et
427 627 503 662 nisi
524 618 654 662 velle²
674 624 824 670 subest,
844 626 973 670 gratia
991 623 1100 661 nuda
1118 625 1234 670 perit.

256 773 308 813 90
328 768 484 806 P.L.M.

181 832 226 870 17
257 829 322 868 Sic
342 833 481 866 contra
499 841 632 865 rerum
651 832 817 864 naturae
836 839 1002 864 munera
1020 831 1140 864 notae

365 900 504 924 corvus
522 889 688 924 maturis
707 885 887 932 frugibus
905 898 979 922 ova
996 884 1131 923 refert.

257 946 323 985 Sic
342 946 487 983 format
505 945 643 992 lingua
661 944 790 982 fetum
810 957 900 981 cum
918 943 1086 990 protulit
1103 956 1193 981 ursa

367 1010 411 1042 et
429 1007 547 1051 piscis
565 1003 676 1055 nullo
695 1006 854 1041 iunctus
873 1015 1007 1040 amore
1026 1005 1139 1049 parit.

258 1064 323 1103 Sic
345 1063 530 1101 Phoebea
549 1062 685 1109 chelys
704 1054 823 1100 nutu³
844 1061 1016 1099 resoluta
1033 1063 1210 1107 parentis

369 1122 546 1160 Lucinae
565 1121 712 1168 tepidis
732 1121 891 1158 naribus
910 1133 983 1157 ova
1001 1119 1121 1157 fovet.

259 1182 324 1220 Sic
343 1184 429 1219 sine
449 1181 663 1218 concubitu
683 1182 804 1217 textis
823 1181 907 1225 apis
927 1181 1057 1216 excita
1075 1180 1174 1215 ceris

370 1239 500 1277 fervet
520 1244 563 1276 et
581 1238 721 1275 audaci
740 1237 868 1275 milite
889 1242 1016 1274 castra
1034 1236 1175 1283 replet.

262 1299 352 1337 Non
373 1311 454 1336 uno
473 1302 665 1335 contenta
684 1296 791 1334 valet
809 1301 951 1333 natura
969 1300 1124 1341 tenore,

370 1357 442 1396 sed
456 1360 700 1404 permutatas
721 1354 872 1402 gaudet
890 1354 1038 1391 habere
1056 1356 1172 1391 vices.

262 1506 309 1546 91
334 1501 490 1540 P.L.M.

186 1566 232 1600 18
264 1561 403 1599 Indica
422 1571 621 1607 purpureo
639 1560 782 1604 genuit
800 1569 866 1594 me
885 1555 1002 1593 litore
1021 1555 1154 1601 tellus,

372 1618 565 1656 candidus
584 1629 750 1654 accenso
770 1628 848 1662 qua
867 1613 973 1652 redit
992 1614 1087 1651 orbe
1106 1613 1202 1651 dies.

265 1680 347 1716 Hic
367 1691 442 1724 ego
462 1677 615 1714 divinos
634 1678 741 1712 inter
759 1678 973 1720 generatus
992 1672 1162 1709 honores

372 1738 523 1774 mutavi
543 1735 658 1771 Latio
677 1733 841 1771 barbara
859 1732 979 1769 verba
997 1743 1103 1768 sono.

266 1797 350 1834 Iam
370 1795 530 1832 dimitte
549 1798 653 1838 tuos,
674 1792 804 1829 Paean
823 1804 847 1828 o
867 1789 1079 1836 Delphice,
1097 1800 1260 1835 cycnos:

373 1853 531 1899 dignior
549 1851 648 1888 haec
668 1863 743 1887 vox
763 1854 837 1895 est,
858 1861 958 1894 quae
977 1853 1048 1885 tua
1066 1846 1218 1893 templa
1236 1846 1350 1884 colat.

307 1957 315 1976 ¹
332 1957 364 1988 Τ
360 1956 403 1988 he
416 1955 499 1996 first
513 1953 648 1995 couplet
663 1953 695 1984 is
710 1955 742 1984 to
758 1952 795 1983 be
801 1950 925 1994 found
937 1950 977 1981 in
994 1949 1216 1991 Fulgentius,
1235 1948 1352 1990 Myth.
1368 1955 1392 1986 1,
1410 1956 1460 1986 12,
1519 1995 1521 1997 ‚

264 2010 416 2074 μέἓέὶὶε
433 2040 555 2072 subest
569 2039 736 2082 probably
751 2039 912 2078 corrupt.-
935 2037 989 2067 sal
1005 2034 1139 2067 suberit
1154 2031 1346 2073 Baehrens.

304 2085 414 2118 ⁸nutu
431 2083 572 2116 Butler.-
593 2083 688 2114 victo
715 2081 767 2113 W.-
790 2081 905 2111 vinclo
921 2077 1084 2110 Binetus.

377 2139 455 2174 352
