1534 2470
0 0 26 528 ἕ

537 210 851 252 SATYRICON

147 289 168 328 1
193 289 275 329 had
298 296 373 330 not
399 291 572 331 finished
596 293 843 341 grumbling,
862 293 983 331 when
1002 293 1164 340 Chrysis
1183 306 1297 334 came

90 350 147 395 in,
163 361 237 386 ran
254 361 311 397 up
328 350 409 388 and
427 351 592 398 warmly
611 352 825 390 embraced
842 365 922 399 me,
941 352 1022 390 and
1040 352 1139 399 said,
1159 343 1296 390 “Now

91 405 111 444 1
130 406 231 445 have
245 421 324 455 you
337 421 381 447 as
396 408 415 446 1
429 408 584 456 hoped;
598 422 678 456 you
692 423 760 448 are
773 424 843 458 my
856 411 1001 458 desire,
1015 424 1084 458 my
1098 411 1295 459 pleasure,

88 477 167 512 you
185 466 268 504 will
281 479 406 505 never
422 473 498 514 put
515 473 588 506 out
605 467 687 507 this
704 468 821 507 flame
839 469 975 507 unless
992 483 1072 517 you
1087 470 1247 517 quench
1261 473 1296 509 it

88 525 132 562 in
147 537 219 572 my
235 525 394 564 blood”
414 554 425 566 .
446 554 456 566 .
477 554 488 566 .

145 582 238 622 One
255 583 304 622 of
318 584 392 623 the
416 598 508 624 new
535 585 663 625 slaves
690 586 890 635 suddenly
917 601 990 626 ran
1017 601 1073 636 up
1100 588 1182 627 and
1209 588 1295 627 said

90 640 182 680 that
197 655 267 690 my
284 648 434 682 master
460 658 539 683 was
567 645 717 684 furious
745 646 844 684 with
871 660 938 685 me
966 648 1136 686 because
1165 647 1185 685 Ι
1214 647 1295 687 had

90 713 182 738 now
199 701 305 739 been
322 715 434 750 away
452 703 555 742 from
573 705 685 742 work
702 710 784 743 two
803 705 911 752 days.
957 706 1045 744 The
1065 707 1156 744 best
1173 706 1294 754 thing

92 757 112 795 Ι
126 759 245 797 could
263 760 316 798 do
329 761 463 800 would
476 763 528 800 be
542 768 586 801 to
599 769 672 810 get
685 764 809 811 ready
822 777 932 802 some
946 765 1118 803 suitable
1133 778 1290 804 excuse.

92 817 133 855 It
149 831 230 857 was
254 818 397 867 hardly
421 822 594 868 possible
621 822 713 860 that
740 822 802 861 his
830 836 974 870 savage
1002 824 1131 862 wrath
1158 825 1293 863 would

90 876 208 915 abate
226 877 398 917 without
414 892 440 916 a
456 879 636 928 flogging
653 881 715 919 for
732 894 809 920 me.
831 912 840 919 .
865 911 872 919 .
896 912 904 920 .

145 935 332 974 Matrona
357 940 466 976 inter
491 942 638 986 primas
663 940 845 987 honesta,
871 941 1092 980 Philomela
1115 946 1292 990 nomine,

92 1004 193 1041 quae
203 995 350 1034 multas
364 1009 484 1044 saepe
498 997 746 1037 hereditates
759 1000 886 1037 officio
896 1004 1041 1039 aetatis
1056 1006 1291 1049 extorserat,

93 1055 180 1090 tum
197 1066 296 1092 anus
314 1059 359 1092 et
376 1054 480 1093 floris
499 1059 683 1104 extincti,
702 1058 827 1096 filium
854 1059 1054 1107 filiamque
1080 1062 1293 1107 ingerebat

93 1111 198 1149 orbis
219 1113 394 1160 senibus,
414 1119 458 1152 et
482 1127 555 1161 per
579 1115 683 1153 hanc
708 1121 1000 1156 successionem
1024 1124 1154 1157 artem
1179 1133 1291 1158 suam

91 1171 372 1218 perseverabat
385 1173 617 1212 extendere.
675 1175 735 1212 Ea
748 1189 845 1222 ergo
857 1177 909 1214 ad
924 1177 1166 1225 Eumolpum
1180 1182 1294 1218 venit

93 1229 138 1263 et
164 1226 444 1265 commendare
471 1228 618 1267 liberos
643 1243 733 1268 suos
759 1234 844 1269 eius
869 1232 1109 1279 prudentiae
1135 1235 1291 1272 bonita-

91 1283 205 1327 tique
223 1310 233 1319 .
256 1309 266 1319 .
287 1310 296 1319 .
319 1283 483 1321 credere
502 1297 546 1322 se
565 1289 609 1322 et
626 1291 720 1323 vota
738 1299 818 1324 sua.
870 1287 990 1325 Illum
1005 1301 1092 1326 esse
1106 1289 1235 1327 solum
1248 1293 1292 1328 in

91 1340 179 1373 toto
205 1337 302 1375 orbe
329 1341 539 1384 terrarum,
568 1343 636 1386 qui
663 1345 888 1389 praeceptis
918 1346 1041 1381 etiam
1068 1344 1291 1384 salubribus

90 1393 287 1429 instruere
302 1394 467 1431 iuvenes
481 1395 661 1440 quotidie
675 1402 821 1442 posset.
866 1397 933 1435 Ad
947 1411 1156 1446 summam,
1169 1400 1291 1438 relin-

89 1458 214 1492 quere
233 1459 276 1484 se
295 1459 439 1494 pueros
457 1451 500 1486 in
519 1449 638 1487 domo
653 1451 852 1499 Eumolpi,
866 1458 914 1490 ut
927 1453 1041 1491 illum
1054 1453 1290 1501 loquentem

90 1500 276 1538 audirent
295 1531 304 1539 .
326 1531 335 1539 .
358 1531 367 1540 .
389 1516 491 1550 quae
506 1504 590 1542 sola
602 1511 738 1552 posset
751 1506 954 1546 hereditas
967 1510 1177 1548 iuvenibus
1191 1510 1288 1549 dari.

91 1555 179 1594 Nec
189 1556 307 1594 aliter
317 1557 415 1596 feeit
425 1571 472 1596 ac
479 1559 648 1607 dixerat,
656 1561 856 1609 filiamque
864 1566 1191 1610 speciosissimam
1199 1579 1291 1604 cum

91 1609 214 1648 fratre
227 1611 384 1658 ephebo
390 1616 433 1650 in
440 1615 623 1653 cubiculo
629 1616 793 1663 reliquit
799 1618 1079 1666 simulavitque
1087 1633 1130 1658 se
1138 1623 1180 1658 in
1187 1625 1291 1659 tem·

92 1665 203 1712 plum
213 1668 272 1704 ire
285 1667 337 1705 ad
348 1673 440 1705 vota
453 1671 731 1717 nuncupanda.
763 1673 994 1720 Eumolpus,
1007 1677 1076 1721 qui
1086 1680 1171 1712 tam
1185 1675 1291 1723 frugi

92 1725 179 1758 erat
193 1725 240 1758 ut
252 1721 312 1759 illi
326 1725 448 1760 etiam
464 1737 540 1770 ego
555 1738 655 1771 puer
669 1727 839 1774 viderer,
851 1741 933 1765 non
945 1729 1103 1767 distulit
1115 1731 1290 1777 puellam

91 1777 260 1813 invitare
279 1776 330 1814 ad
349 1771 558 1824 pigiciaca¹
577 1793 695 1818 sacra.
719 1782 799 1820 Sed
815 1788 858 1820 et
871 1784 1131 1830 podagricum
1145 1798 1188 1823 se
1203 1799 1291 1825 esse

91 1829 395 1878 lumborumque
423 1833 642 1872 solutorum
670 1838 854 1875 omnibus
882 1838 1052 1886 dixerat,
1078 1845 1121 1878 et
1148 1843 1181 1878 si
1209 1855 1291 1879 non

92 1891 287 1923 servasset
304 1890 503 1934 integram
522 1891 830 1939 simulationem,
845 1894 1145 1940 periclitabatur
1164 1901 1291 1934 totam

92 1952 220 1986 paene
259 1942 505 1987 tragoediam
552 1951 745 1984 evertere.
823 1947 967 1995 Itaque
1003 1954 1051 1987 ut
1088 1955 1292 1990 constaret

92 1994 301 2033 mendacio
326 1996 437 2043 fides,
458 1999 633 2044 puellam
658 2001 822 2047 quidem
847 2006 1038 2050 exoravit,
1057 2009 1106 2043 ut
1130 2005 1293 2045 sederet

93 2062 212 2095 super
236 2052 556 2091 commendatam
581 2055 816 2102 bonitatem,
842 2058 979 2095 Coraci
1003 2065 1141 2097 autem
1165 2063 1293 2108 impe-

93 2107 207 2151 ravit,
227 2110 274 2143 ut
292 2105 455 2153 lectum,
469 2111 512 2145 in
531 2122 610 2156 quo
624 2113 709 2157 ipse
724 2112 893 2158 iacebat,
907 2113 1060 2151 subiret
1074 2118 1293 2163 positisque

1102 2172 1183 2211 81⁷

1324 948 1402 982 140
