1534 2470
555 183 684 222 LUCI
690 183 757 222 US
786 183 1052 223 ANNAEUS
1082 183 1295 223 SENECA

324 267 368 301 et
392 263 443 300 ad
472 263 548 300 hoc
573 276 699 300 unum
728 266 822 301 satis
846 263 994 310 firmae,
1015 276 1095 310 quo
1117 262 1316 300 decollare
1344 263 1526 302 homines

274 355 298 417 ⁷,
324 352 490 398 solebat,
511 354 680 389 iusserat
706 351 764 388 illi
788 351 935 389 collum
954 351 1140 399 praecidi.
1201 351 1367 390 Putares
1387 364 1526 389 omnes

295 419 297 459 ἶ
323 440 429 477 illius
456 453 542 477 esse
569 439 758 477 libertos:
787 439 888 477 adeo
911 439 1025 476 illum
1050 452 1170 477 nemo
1190 439 1364 477 curabat.
1422 438 1525 476 Tum

324 528 523 566 Hercules
536 518 662 565 “audi
675 541 740 566 me
750 528 772 540 ''
790 530 922 574 inquit
937 518 1016 565 “tu
1032 527 1171 565 desine
1184 527 1338 565 fatuari.
1369 527 1525 564 Venisti

321 617 412 663 hue,
428 617 497 654 ubi
516 630 649 654 mures
669 616 819 654 ferrum
838 616 997 654 rodunt.
1048 616 1173 654 Citius
1192 615 1291 653 mihi
1305 628 1456 662 verum,
1470 627 1524 653 ne

321 706 396 743 tibi
414 705 562 751 alogias
582 704 820 742 excutiam.’'
866 704 919 741 Et
938 717 1016 750 quo
1035 703 1250 742 terribilior
1268 708 1387 749 esset,
1401 705 1523 749 tragi-

321 805 389 830 cus
409 792 454 829 fit
474 797 516 830 et
534 795 614 830 ait:

403 909 625 964 “exprome
645 931 827 965 propere,
847 917 943 955 sede
963 930 1040 964 qua
1058 919 1219 963 genitus
1238 916 1359 964 eluas,

429 998 503 1035 hoc
523 1011 575 1036 ne
594 1002 826 1044 peremptus
846 1000 983 1043 stipite
1003 996 1054 1034 ad
1072 1001 1219 1034 terram
1237 995 1412 1040 accidas;

428 1078 526 1115 haec
546 1077 656 1114 clava
674 1090 789 1123 reges
809 1090 927 1123 saepe
948 1078 1138 1114 mactavit
1156 1076 1270 1113 feros.

426 1159 536 1206 Quid
555 1173 662 1196 nunc
681 1159 839 1205 profatu
859 1161 964 1196 vocis
984 1161 1138 1195 incerto
1157 1158 1300 1195 sonas?

426 1242 540 1289 Quae
559 1244 700 1289 patria,
721 1254 822 1288 quae
841 1254 941 1287 gens
961 1240 1108 1278 mobile
1128 1239 1267 1277 eduxit
1286 1240 1434 1286 caput?

425 1322 622 1360 Edissere.
682 1321 882 1367 Equidem
901 1333 1026 1365 regna
1045 1321 1260 1365 tergemini
1278 1323 1422 1366 petens

423 1404 641 1450 longinqua
659 1405 778 1449 regis,
798 1401 906 1439 unde
926 1401 976 1438 ab
999 1401 1197 1447 Hesperio
1215 1402 1314 1436 mari

424 1483 628 1521 Inachiam
647 1482 698 1519 ad
718 1482 860 1518 urbem
879 1480 1013 1517 nobile
1033 1479 1175 1517 advexi
1194 1491 1328 1526 pecus,

421 1563 502 1601 vidi
522 1562 677 1600 duobus
696 1563 909 1598 imminens
929 1559 1055 1597 fluviis
1074 1562 1224 1605 iugum,

421 1643 528 1690 quod
550 1642 734 1679 Phoebus
755 1645 845 1678 ortu
866 1653 1023 1686 semper
1042 1639 1206 1676 obverso
1226 1638 1351 1684 videt,

419 1724 487 1760 ubi
514 1721 728 1759 Rhodanus
752 1723 895 1766 ingens
915 1732 1033 1756 amne
1053 1717 1286 1764 praerapido
1305 1716 1404 1763 fluit,

420 1803 601 1847 Ararque
622 1801 823 1845 dubitans,
844 1812 923 1845 quo
942 1811 1031 1836 suos
1052 1809 1187 1834 cursus
1206 1801 1311 1842 agat,

420 1884 566 1919 tacitus
586 1883 732 1927 quietis
752 1879 881 1916 adluit
900 1881 1003 1924 ripas
1023 1877 1143 1914 vadis.

418 1961 545 1998 Estne
564 1960 633 1996 illa
652 1959 774 1997 tellus
794 1961 955 2005 spiritus
974 1957 1092 1994 altrix
1111 1954 1228 1993 tui?’'

308 2086 423 2123 Haec
453 2086 547 2122 satis
576 2085 752 2120 animose
783 2086 826 2119 et
854 2081 1026 2125 fortiter,
1047 2079 1173 2116 nihilo
1202 2081 1332 2117 minus
1360 2081 1508 2118 mentis

416 2143 496 2178 384
