1500 2470
418 211 580 249 TITUS
612 211 924 252 PETRONIUS
951 213 1192 251 ARBITER

197 290 494 328 embasicoetan
512 294 681 329 iusseras
699 292 823 330 dari.”
883 293 1102 340 Complosit
1128 293 1196 331 illa
1222 296 1401 332 tenerius

196 367 337 391 manus
357 359 401 392 et
419 345 524 392 “O”
546 357 678 401 inquit
698 346 935 393 “hominem
954 361 1118 394 acutum
1136 362 1258 403 atque
1285 357 1400 394 urba-

197 419 334 454 nitatis
350 410 603 455 vernaculae¹
618 418 783 456 fontem.
835 419 968 466 Quid?
989 425 1034 457 tu
1049 433 1131 457 non
1146 420 1400 458 intellexeras

197 481 409 518 cinaedum
424 481 719 519 embasicoetan
735 485 863 519 vocari
874 483 888 519 ?
898 482 920 495 ''
953 483 1113 520 Deinde
1128 488 1174 520 ut
1189 483 1400 520 contuber-

197 543 277 580 nali
309 557 398 582 meo
432 545 575 582 melius
609 545 858 592 succederet,
893 536 1005 584 “Per
1043 546 1196 584 fidem”
1237 549 1398 593 inquam

189 597 417 654 “vestram,
438 608 623 654 Ascyltos
643 611 685 646 in
706 608 781 646 hoc
801 609 974 646 triclinio
994 609 1099 648 solus
1118 609 1237 647 ferias
1255 609 1398 656 agit?”

197 661 326 708 “Ita”
348 674 480 717 inquit
507 671 706 718 Quartilla
731 662 809 710 “et
832 672 998 718 Ascylto
1022 673 1308 710 embasicoetas
1330 672 1399 710 de-

196 734 301 771 tur.”
359 734 425 771 Ab
444 734 519 772 hac
539 748 634 772 voce
656 748 804 781 equum
824 735 1013 773 cinaedus
1028 739 1199 774 mutavit
1211 739 1399 774 transitu-

196 810 275 843 que
294 797 346 835 ad
366 801 555 835 comitem
575 812 711 836 meum
738 799 846 836 facto
872 799 1056 837 clunibus
1083 813 1176 837 eum
1202 800 1399 846 basiisque

108 861 177 899 LO
196 861 379 898 distrivit.
416 852 420 906 Ι
452 861 593 899 Stabat
613 864 719 899 inter
738 861 837 899 haec
858 862 982 899 Giton
1003 867 1045 900 et
1064 865 1143 900 risu
1160 862 1402 900 dissolvebat

115 1435 165 1468 25

196 923 263 961 ilia
283 937 361 962 sua.
410 924 552 970 Itaque
573 927 800 971 conspicata
821 938 913 963 eum
934 924 1144 972 Quartilla,
1164 928 1275 963 cuius
1295 930 1401 963 esset

196 1001 308 1034 puer,
329 987 635 1033 diligentissima
654 991 921 1026 sciscitatione
941 991 1146 1035 quaesivit.
1206 989 1306 1026 Cum
1326 1001 1401 1034 ego

196 1051 362 1089 fratrem
373 1064 509 1088 meum
521 1064 607 1089 esse
620 1051 820 1098 dixissem,
831 1043 855 1059 “
865 1051 998 1098 Quare
1012 1065 1107 1098 ergo
1116 1052 1139 1066 ”
1155 1055 1288 1098 inquit
1302 1042 1326 1059 “
1335 1064 1402 1090 me

196 1127 277 1151 non
297 1114 521 1152 basiavit?’'
580 1115 855 1161 Vocatumque
875 1115 926 1152 ad
946 1128 988 1152 se
1007 1118 1049 1151 in
1077 1115 1255 1152 osculum
1273 1114 1400 1161 appli-

197 1180 290 1215 cuit.
352 1178 448 1214 Mox
478 1191 642 1214 manum
671 1181 793 1215 etiam
824 1178 986 1215 demisit
1011 1181 1053 1215 in
1085 1181 1216 1215 sinum
1241 1182 1285 1215 et
1310 1191 1400 1224 per-

196 1245 370 1279 trectato
389 1240 547 1278 vasculo
566 1246 649 1278 tam
675 1241 764 1278 rudi
793 1231 974 1278 “Haec”
1004 1243 1137 1287 inquit
1157 1231 1296 1278 “belle
1316 1253 1400 1277 cras

196 1307 238 1341 in
264 1303 507 1350 promulside
533 1303 709 1341 libidinis
735 1309 894 1341 nostrae
914 1303 1124 1348 militabit;
1152 1303 1272 1341 hodie
1292 1306 1400 1341 enim

197 1372 288 1413 post
305 1367 473 1404 asellum
493 1367 616 1404 diaria
635 1381 716 1404 non
737 1367 887 1404 sumo.”

252 1430 352 1467 Cum
387 1430 487 1467 haec
523 1430 690 1476 diceret,
718 1430 770 1467 ad
805 1443 941 1467 aurem
971 1433 1055 1467 eius
1086 1429 1238 1476 Psyche
1266 1429 1400 1467 ridens

196 1496 375 1539 accessit,
392 1498 435 1531 et
455 1506 545 1530 cum
565 1493 731 1531 dixisset
750 1496 884 1530 nescio
904 1493 1012 1539 quid,
1030 1483 1055 1500 “
1065 1493 1139 1539 Ita,
1160 1492 1248 1530 ita”
1269 1495 1400 1538 inquit

197 1556 396 1603 Quartilla
409 1547 547 1594 “bene
563 1556 815 1593 admonuisti.
867 1556 945 1593 Cur
964 1569 1057 1602 non,
1074 1558 1166 1602 quia
1185 1555 1400 1592 bellissima

196 1622 349 1658 occasio
378 1625 454 1666 est,
484 1619 758 1665 devirginatur
793 1618 1017 1665 Pannychis
1046 1619 1238 1656 nostra?”
1297 1618 1398 1655 Con-

196 1687 390 1729 tinuoque
411 1683 606 1730 producta
626 1687 688 1720 est
707 1682 841 1729 puella
867 1685 961 1720 satis
988 1681 1094 1719 bella
1120 1686 1163 1718 et
1189 1694 1290 1727 quae
1316 1694 1398 1719 non

196 1747 284 1793 plus
305 1759 424 1792 quam
443 1751 600 1792 septem
615 1759 739 1782 annos
754 1745 902 1783 habere
918 1745 1139 1790 videbatur,
1157 1735 1235 1790 [et]
1255 1757 1303 1782 ea
1314 1747 1398 1791 ipsa

195 1823 298 1856 quae
312 1812 484 1856 primum
497 1822 588 1846 cum
604 1808 802 1855 Quartilla
816 1810 858 1844 in
873 1808 1015 1845 cellam
1030 1812 1195 1845 venerat
1208 1812 1395 1845 nostram.

199 1872 487 1910 Plaudentibus
507 1884 603 1917 ergo
630 1873 822 1908 universis
850 1875 893 1908 et
918 1870 1212 1917 postulantibus
1237 1873 1398 1916 nuptias

199 1926 438 1981 [fecerunt]²
457 1935 646 1980 obstupui
673 1946 749 1979 ego
776 1938 819 1970 et
838 1946 913 1971 nec
930 1934 1090 1978 Gitona,
1110 1932 1398 1970 verecundissi-

195 2011 305 2035 mum
324 2010 506 2045 puerum,
527 1997 704 2034 sufficere
724 1996 817 2033 huic
837 1996 1084 2043 petulantiae
1103 1995 1302 2038 affirmavi,
1322 2008 1398 2033 nec

487 2053 499 2072 ²
514 2055 728 2086 vernaculae
745 2054 948 2095 Scioppius:
971 2054 1150 2085 vernulae.

485 2096 667 2130 ’fecerunt
682 2097 864 2129 bracketed
876 2097 919 2140 by
934 2097 1142 2128 Mommsen.

304 2163 356 2198 34
