1534 2470
116 1365 187 1403 LO

125 1707 176 1741 84

420 169 582 209 TITUS
614 171 716 208 PET
722 171 925 211 RONIUS
954 172 1194 211 ARBITER

199 238 225 256 “
237 248 344 295 Ergo
362 263 472 287 amor
491 253 614 288 etiam
633 251 728 289 deos
747 255 890 299 tangit.
943 252 1124 300 Iuppiter
1142 256 1184 291 in
1204 253 1313 292 caelo
1332 266 1400 292 suo

197 320 280 345 non
299 310 455 346 invenit
478 309 585 355 quod
609 304 827 358 diligeret,1
854 311 926 349 sed
954 317 1188 358 peccaturus
1216 315 1258 350 in
1286 315 1402 351 terris

198 369 350 404 nemini
376 372 515 404 tamen
541 370 725 406 iniuriam
752 369 860 407 fecit.
920 370 1059 417 Hylan
1082 371 1271 418 Nympha
1289 384 1402 418 prae-

199 424 294 462 data
313 419 594 472 temperasset²
613 430 737 464 amori
763 441 846 475 suo,
873 431 906 466 si
932 434 1146 467 venturum
1165 430 1216 467 ad
1235 429 1402 468 interdi-

201 489 312 522 ctum
344 484 567 522 Herculem
595 486 841 524 credidisset.
901 487 1046 534 Apollo
1074 490 1188 534 pueri
1221 489 1402 526 umbram

201 546 401 582 revocavit
430 546 472 581 in
502 543 652 591 florem,
683 550 726 583 et
763 559 902 584 omnes
939 546 1096 584 fabulae
1127 560 1285 593 quoque
1317 549 1403 585 sine

201 602 359 639 aemulo
377 602 606 640 habuerunt
632 603 871 650 complexus.
931 604 989 642 At
1015 618 1091 651 ego
1109 608 1151 643 in
1170 608 1403 643 societatem

203 663 336 707 recepi
356 660 557 707 hospitem
577 661 762 708 Lycurgo
781 662 1084 700 crudeliorem.”

257 719 363 757 Ecce
393 725 542 766 autem,
574 733 650 767 ego
680 721 776 758 dum
807 735 897 759 cum
927 725 1058 760 ventis
1087 722 1215 769 litigo,
1241 724 1406 760 intravit

203 778 507 825 pinacothecam
538 792 662 817 senex
692 793 827 826 canus,
859 783 1067 818 exercitati
1097 781 1231 819 vultus
1263 786 1306 819 et
1336 783 1404 827 qui

202 837 407 874 videretur
435 840 570 875 nescio
589 838 685 884 quid
708 852 900 884 magnum
925 842 1173 886 promittere,
1193 839 1265 877 sed
1293 839 1404 877 cultu

204 908 286 933 non
305 895 472 942 proinde
492 899 704 943 speciosus,
724 902 771 934 ut
793 897 910 935 facile
928 903 1139 944 appareret
1158 911 1251 935 eum
1269 911 1313 935 ex
1330 898 1405 935 hac

204 960 301 992 nota
329 954 554 992 litteratum
581 968 680 1001 esse,
708 968 805 1002 quos
834 955 962 993 odisse
992 955 1136 993 divites
1164 956 1306 994 solent.
1366 956 1406 994 Is

206 1026 301 1059 ergo
320 1012 372 1050 ad
390 1013 495 1050 latus
515 1016 696 1051 constitit
714 1027 850 1051 meum
870 1043 877 1051 .
902 1043 910 1050 .
935 1043 942 1051 .

261 1062 286 1079 “
299 1071 387 1117 Ego
400 1071 421 1084 ’'
450 1074 582 1118 inquit
601 1063 759 1119 “poeta
777 1085 863 1110 sum
884 1077 926 1110 et
946 1077 992 1110 ut
1010 1086 1138 1119 spero,
1158 1086 1239 1110 non
1258 1073 1404 1111 humil-

203 1130 289 1167 limi
308 1133 482 1177 spiritus,
502 1130 679 1168 simodo
704 1134 857 1168 coronis
882 1131 1032 1177 aliquid
1057 1131 1303 1170 credendum
1328 1136 1403 1176 est,

204 1202 302 1236 quas
321 1191 443 1227 etiam
456 1189 508 1226 ad
522 1182 758 1227 immeritos3
773 1189 931 1227 deferre
945 1193 1074 1236 gratia
1087 1190 1199 1228 solet.
1250 1181 1404 1237 ‘Quare

205 1261 302 1294 ergo
315 1247 324 1260 ’
356 1250 488 1294 inquis
514 1238 526 1256 ‘
538 1252 622 1285 tam
652 1247 757 1285 male
786 1251 955 1286 vestitus
985 1248 1070 1286 es?’
1131 1248 1298 1296 Propter
1329 1249 1405 1286 hoc

204 1310 345 1353 ipsum.
396 1306 521 1343 Amor
534 1309 687 1352 ingenii
701 1309 906 1344 neminem
920 1320 1097 1353 unquam
1111 1307 1279 1344 divitem
1293 1307 1402 1346 fecit.

347 1356 352 1411 Ι
372 1364 452 1411 Qui
472 1365 615 1411 pelago
635 1364 776 1411 credit,
795 1378 942 1411 magno
962 1379 1003 1402 se
1024 1365 1186 1403 faenore
1204 1366 1332 1412 tollit;

315 1426 384 1470 qui
402 1436 556 1469 pugnas
577 1428 619 1460 et
638 1428 766 1460 castra
784 1427 901 1470 petit,
920 1426 1191 1470 praecingitur
1209 1437 1323 1470 auro3

315 1482 403 1519 vilis
421 1482 603 1518 adulator
621 1484 729 1528 picto
748 1485 853 1519 iacet
872 1483 1003 1519 ebrius
1022 1487 1141 1528 ostro,

316 1542 359 1575 et
379 1540 447 1583 qui
467 1537 654 1574 sollicitat
674 1542 832 1583 nuptas,
851 1537 902 1574 ad
921 1539 1096 1583 praemia
1115 1542 1276 1583 peccat:

315 1592 397 1630 sola
415 1595 611 1638 pruinosis
631 1592 767 1629 horret
787 1592 972 1629 facundia
990 1594 1132 1638 pannis

315 1653 436 1693 atque
455 1650 565 1693 inopi
583 1647 720 1692 lingua
739 1647 917 1684 desertas
936 1650 1093 1684 invocat
1111 1651 1226 1684 artes.

205 1703 299 1740 Non
319 1702 440 1739 dubie
463 1705 520 1739 ita
546 1707 627 1739 est:
654 1705 686 1739 si
712 1705 798 1748 quis
824 1705 1009 1739 vitiorum
1028 1704 1205 1738 omnium
1224 1705 1405 1740 inimicus

205 1763 362 1795 rectum
390 1760 469 1794 iter
498 1760 604 1794 vitae
635 1760 770 1803 coepit
798 1750 1013 1803 insistere,4
1043 1759 1214 1803 primum
1242 1762 1405 1804 propter

204 1825 359 1850 morum
385 1812 652 1849 differentiam
682 1812 817 1848 odium
843 1811 985 1856 habet;
1017 1814 1103 1857 quis
1135 1814 1242 1848 enim
1271 1817 1405 1858 potest

205 1867 371 1914 probare
385 1867 564 1904 diversa?
621 1866 781 1904 Deinde
810 1869 878 1912 qui
906 1866 1007 1903 solas
1036 1871 1220 1904 extruere
1249 1866 1405 1905 divitias

318 1939 325 1956 ¹
339 1938 505 1979 diligeret
521 1938 584 1970 sed
593 1938 723 1978 Jacobs
735 1949 748 1969 .·
763 1938 912 1979 eligeret
929 1942 974 1969 et.

313 1980 327 2000 ²
339 1985 579 2023 temperasset
594 1981 787 2012 Buecheler
797 1992 811 2012 .·
826 1982 1051 2023 imperasset.

310 2024 324 2044 ³
335 2025 529 2056 immeritos
544 2025 758 2056 Buecheler:
773 2025 966 2065 imperitos.

310 2067 324 2087 ⁴
336 2069 499 2100 insistere
515 2068 586 2100 cod.
607 2068 864 2100 Messaniensis
876 2079 889 2100 .·
905 2067 1077 2110 inspicere
1093 2067 1190 2100 olher
1199 2067 1303 2099 MSS.

316 2126 393 2164 166
