1534 2470
463 209 624 248 TITUS
656 210 967 252 PETRONIUS
996 213 1235 253 ARBITER

148 285 219 325 LO
256 278 262 333 Ι
294 288 424 327 Nocte
445 290 661 336 soporifera
679 291 806 330 veluti
825 306 916 331 cum
936 297 1088 331 somnia
1106 294 1256 333 ludunt

295 361 474 394 errantes
495 357 628 395 oculos
649 357 866 405 effossaque
886 360 1054 406 protulit
1073 374 1213 399 aurum

294 425 336 460 in
355 423 487 460 lucem
507 423 647 462 tellus:
667 430 799 463 versat
818 439 958 464 manus
977 427 1157 474 improba
1175 427 1328 466 furtum

293 490 580 537 thesaurosque
600 494 717 538 rapit,
738 492 858 530 sudor
877 506 1035 540 quoque
1054 494 1202 541 perluit
1221 507 1289 532 ora

293 562 338 595 et
356 562 537 595 mentem
556 560 676 595 timor
695 558 799 596 altus
819 559 956 606 habet,
976 573 1029 598 ne
1048 559 1153 598 forte
1172 565 1380 607 gravatum

292 627 470 662 excutiat
488 627 686 671 gremium
705 628 850 663 secreti
870 629 1049 664 conscius
1068 629 1173 664 auri:

290 704 383 728 mox
401 692 470 729 ubi
490 691 682 738 fugerunt
701 692 851 730 elusam
869 692 1015 739 gaudia
1032 699 1213 732 mentem

291 771 462 805 veraque
483 758 610 796 forma
623 759 742 805 redit,
762 762 929 805 animus,
950 759 1058 806 quod
1077 760 1266 807 perdidit,
1287 765 1404 808 optat

290 831 412 872 atque
431 828 473 863 in
493 829 710 872 praeterita
729 839 771 863 se
791 831 900 863 totus
919 829 1094 873 imagine
1113 832 1245 865 versat
1263 856 1273 866 .
1296 857 1304 865 .
1327 857 1335 864 .

191 893 228 931 L
311 883 316 936 Ι
349 883 527 939 “Itaque
550 892 627 930 hoc
650 895 813 930 nomine
841 893 916 930 tibi
944 896 1092 939 gratias
1119 907 1208 940 ago,
1237 893 1344 940 quod
1373 907 1440 934 me

235 959 436 998 Socratica
463 959 542 997 fide
571 959 714 1005 diligis.
766 959 858 997 Non
886 964 970 997 tam
1003 962 1179 998 intactus
1209 959 1440 1013 Alcibiades

235 1026 277 1060 in
293 1026 565 1086 praeceptoris
585 1026 644 1060 sui
664 1023 771 1060 lecto
790 1023 943 1060 iacuit'’
967 1053 974 1060 .
999 1052 1007 1061 .
1030 1052 1039 1060 .

132 1082 206 1122 129
326 1078 454 1116 Crede
481 1078 592 1124 mihi,
614 1078 749 1124 frater,
770 1091 851 1115 non
877 1078 1072 1124 intellego
1094 1091 1160 1115 me
1182 1081 1310 1116 virum
1336 1091 1436 1126 esse,

232 1155 314 1179 non
333 1145 473 1179 sentio.
518 1141 718 1179 Funerata
737 1146 799 1178 est
818 1141 885 1178 illa
904 1154 992 1188 pars
1013 1144 1197 1188 corporis,
1213 1154 1291 1188 qua
1309 1154 1434 1188 quon-

232 1205 325 1243 dam
345 1204 524 1242 Achilles
545 1204 684 1242 eram”
707 1233 715 1242 .
739 1233 747 1241 .
771 1233 779 1241 .

287 1269 447 1306 Veritus
470 1281 582 1314 puer,
609 1281 661 1305 ne
687 1270 729 1304 in
752 1272 907 1305 secreto
927 1267 1201 1314 deprehensus
1220 1267 1335 1305 daret
1354 1280 1435 1306 ser-

231 1332 415 1370 monibus
434 1331 578 1377 ]ocum,
599 1333 795 1377 proripuit
817 1343 860 1368 se
881 1335 924 1368 et
949 1333 991 1367 in
1014 1335 1170 1377 partem
1192 1329 1352 1368 aedium
1375 1333 1435 1368 in-

231 1398 421 1433 teriorem
441 1394 547 1441 fugit
567 1424 575 1432 .
598 1424 606 1431 .
631 1424 638 1431 .

160 1458 232 1496 LO
291 1450 542 1504 {cubiculum
567 1463 703 1495 autem
727 1470 863 1494 meum
894 1457 1052 1503 Chrysis
1082 1459 1246 1494 intravit
1275 1456 1434 1494 codicil-

231 1522 369 1568 losque
399 1521 498 1558 mihi
529 1521 713 1558 dominae
744 1533 838 1558 suae
869 1519 1058 1566 reddidit,
1088 1522 1131 1557 in
1161 1520 1304 1566 quibus
1333 1519 1434 1558 haec

231 1590 346 1622 erant
365 1587 531 1631 scripta:
559 1574 705 1621 “Circe
727 1583 926 1629 Polyaeno
945 1582 1126 1620 salutem.
1163 1582 1205 1621 Si
1223 1582 1433 1620 libidinosa

231 1661 372 1694 essem,
409 1661 598 1694 quererer
633 1647 824 1693 decepta3
864 1659 971 1683 nunc
1003 1649 1125 1683 etiam
1153 1645 1334 1692 languori
1360 1651 1432 1684 tuo

229 1714 377 1758 gratias
402 1724 488 1757 ago.
540 1710 588 1748 In
611 1711 751 1747 umbra
775 1709 990 1755 voluptatis
1014 1709 1163 1746 diutius
1187 1708 1274 1746 lusi.
1324 1707 1433 1755 Quid

230 1780 367 1812 tamen
401 1787 507 1820 agas,
539 1786 698 1820 quaero,
731 1778 773 1811 et
805 1786 857 1809 an
891 1775 969 1809 tuis
1003 1771 1172 1818 pedibus
1204 1775 1432 1818 perveneris

231 1837 418 1882 domum;
460 1842 614 1883 negant
647 1839 755 1873 enim
787 1835 933 1872 medici
967 1837 1053 1872 sine
1086 1837 1217 1872 nervis
1249 1834 1431 1873 homines

230 1901 432 1938 ambulare
458 1913 583 1947 posse.
634 1899 812 1936 Narrabo
841 1898 928 1944 tibi,
957 1897 1203 1943 adulescens,
1234 1897 1429 1944 paralysin

231 1977 336 2002 cave.
369 1964 584 2009 Nunquam
601 1975 675 2008 ego
690 1975 855 2008 aegrum
874 1966 957 2005 tam
975 1974 1121 2006 magno
1140 1960 1316 2007 periculo
1330 1960 1410 1998 vidi
1420 1973 1431 2006 ;

229 2027 385 2065 medius
405 2026 519 2063 fidius
539 2028 617 2062 iam
636 2027 784 2072 peristi.
836 2023 955 2070 Quod
974 2026 1006 2061 si
1025 2023 1133 2060 idem
1152 2022 1276 2069 frigus
1298 2035 1430 2069 genua

230 2083 450 2136 manusque
469 2091 728 2135 temptaverit
747 2093 850 2133 tuas,
869 2087 966 2124 licet
983 2085 1035 2124 ad
1058 2086 1255 2124 tubicines
1279 2088 1427 2124 mittas.

340 2159 419 2198 286
