1534 2470
156 1061 229 1100 116

478 180 640 219 TITUS
671 180 983 220 PETRONIUS
1014 181 1251 220 ARRITER

258 260 367 306 lavit,
383 260 655 298 abstinentem
670 261 887 307 frugalitas.
939 262 980 300 Si
995 262 1099 300 bene
1115 262 1311 300 calculum
1324 275 1460 310 ponas,

258 327 407 373 ubique
426 327 678 374 naufragium
698 333 770 365 est.
816 327 874 365 At
893 331 1001 365 enim
1019 328 1204 366 fluctibus
1219 329 1362 366 obruto
1379 342 1460 368 non

259 396 459 440 contingit
497 394 712 441 sepultura.
781 395 989 441 Tanquam
1029 398 1202 442 intersit,
1239 398 1461 442 periturum

259 473 400 507 corpus
424 474 525 507 quae
549 463 650 498 ratio
674 467 893 508 consumat,
914 464 1017 508 ignis
1037 475 1089 499 an
1107 461 1250 500 fluctus
1268 475 1320 499 an
1337 475 1457 500 mora.

259 526 462 573 Quicquid
495 527 650 574 feceris,
682 531 815 565 omnia
847 528 947 566 haee
981 529 1124 566 eodem
1153 534 1322 567 ventura
1353 533 1457 567 sunt.

259 594 383 631 Ferae
398 599 536 632 tamen
551 608 692 649 corpus
707 595 950 633 lacerabunt.
980 595 1187 642 Tanquam
1200 596 1343 634 melius
1356 598 1460 642 ignis

258 664 446 708 accipiat3
477 665 598 699 immo
623 661 727 699 hanc
756 675 927 708 poenam
954 665 1223 709 gravissimam
1249 662 1460 708 credimus,

258 729 327 765 ubi
347 731 468 766 servis
492 731 705 766 irascimur.
753 728 867 774 Quae
888 742 983 775 ergo
1007 729 1212 767 dementia
1235 735 1309 776 est,
1329 732 1462 767 omnia

260 795 404 841 facere,
425 809 478 833 ne
498 796 595 842 quid
615 796 666 834 de
685 797 799 833 nobis
822 796 1024 842 relinquat
1049 796 1309 843 sepultura?”
1331 825 1340 834 .
1363 825 1371 834 .
1394 825 1403 834 .

314 863 368 900 Et
395 862 560 899 Licham
581 863 743 908 quidem
763 876 881 909 rogus
901 866 1070 901 inimicis
1089 863 1256 901 collatus
1280 864 1462 901 manibus

258 929 455 966 adolebat.
517 929 735 976 Eumolpus
761 935 897 967 autem
921 929 1017 967 dum
1043 933 1287 976 epigramma
1305 935 1462 968 mortuo

260 995 369 1042 facit,
386 996 520 1033 oculos
540 996 590 1032 ad
611 995 866 1033 arcessendos
887 1009 1024 1033 sensus
1043 996 1201 1042 longius
1220 999 1348 1034 mittit
1367 1025 1375 1033 .
1399 1025 1407 1032 .
1431 1025 1438 1034 .

316 1063 408 1100 Hoc
441 1068 604 1109 peracto
633 1062 807 1100 libenter
835 1063 960 1099 officio
988 1062 1234 1100 destinatum
1265 1065 1460 1109 carpimus

259 1132 338 1166 iter
362 1142 408 1166 ac
433 1134 639 1166 momento
668 1132 858 1175 temporis
888 1131 930 1165 in
958 1134 1138 1166 montem
1158 1128 1347 1167 sudantes
1366 1142 1442 1166 con

259 1195 498 1241 scendimus,
520 1208 569 1232 ex
599 1208 677 1241 quo
706 1195 813 1232 haud
842 1195 978 1241 procul
1005 1198 1234 1241 impositum
1259 1208 1349 1232 arce
1369 1196 1455 1233 sub-

258 1262 343 1299 limi
372 1262 563 1309 oppidum
594 1265 802 1299 cernimus.
854 1262 940 1298 Nee
960 1262 1067 1308 quod
1096 1267 1214 1308 esset,
1241 1263 1460 1300 sciebamus

259 1334 451 1374 errantes,
465 1329 594 1366 donec
613 1342 637 1365 a
652 1329 767 1366 vilico
787 1328 959 1374 quodam
979 1328 1151 1366 Crotona
1171 1341 1257 1366 esse
1276 1331 1454 1375 cognovi-

258 1410 359 1443 mus,
368 1396 509 1433 urbem
521 1398 835 1441 antiquissimam
849 1400 891 1432 et
903 1395 1115 1441 aliquando
1129 1394 1268 1432 Italiae
1280 1397 1458 1441 primam.

259 1464 359 1501 Cum
394 1462 542 1500 deinde
575 1462 808 1509 diligentius
843 1461 1150 1508 exploraremus,
1181 1464 1249 1508 qui
1279 1461 1461 1500 homines

257 1530 531 1568 inhabitarent
545 1529 680 1566 nobile
701 1528 840 1574 solum,
857 1528 1013 1574 quodve
1032 1541 1159 1574 genus
1178 1530 1461 1573 negotiationis

258 1600 472 1645 praecipue
502 1597 718 1643 probarent
746 1601 837 1642 post
862 1597 1020 1632 attritas
1050 1594 1164 1632 bellis
1183 1594 1460 1641 frequentibus

259 1676 367 1710 opes,
390 1654 461 1701 “O
487 1663 574 1699 mi''
597 1665 729 1708 inquit
756 1652 979 1707 “hospites,
1000 1663 1032 1698 si
1051 1663 1322 1706 negotiatores
1352 1663 1459 1707 estis,

256 1735 411 1768 mutate
427 1732 673 1776 propositum
688 1728 875 1774 aliudque
891 1730 997 1764 vitae
1013 1726 1252 1773 praesidium
1267 1729 1456 1772 quaerite.

258 1797 328 1836 Sin
348 1802 484 1833 autem
503 1796 723 1833 urbanioris
744 1799 863 1831 notae
883 1794 1065 1830 homines
1081 1796 1285 1831 sustinetis
1304 1806 1460 1840 semper

256 1866 432 1910 mentiri,
453 1868 564 1900 recta
582 1862 633 1899 ad
661 1862 816 1899 lucrum
842 1863 1008 1898 curritis.
1061 1860 1108 1896 In
1135 1859 1208 1897 hac
1235 1862 1342 1897 enim
1361 1861 1460 1898 urbe

255 1943 337 1968 non
375 1930 600 1968 litterarum
639 1927 771 1966 studia
808 1927 1075 1972 celebrantur,
1112 1940 1194 1963 non
1231 1926 1460 1972 eloquentia

255 2001 387 2038 locum
405 1999 542 2046 habet,
562 2012 644 2036 non
671 1998 877 2044 frugalitas
897 1999 1103 2043 sanctique
1122 2009 1251 2034 mores
1276 1996 1458 2034 laudibus

254 2067 305 2105 ad
336 2067 511 2105 fructum
542 2068 796 2113 perveniunt,
817 2064 888 2102 sed
917 2076 1175 2110 quoscunque
1204 2063 1386 2101 homines
1415 2066 1455 2100 in

365 2126 443 2159 244
