1534 2470
454 166 616 207 TITUS
647 167 958 210 PETRONIUS
988 169 1226 210 ARBITER

234 252 321 285 tum
353 260 419 285 me
449 251 600 294 putatis
634 261 720 287 esse
750 254 821 287 aut
854 250 1087 297 lapidariam
1115 253 1290 298 navem?
1346 253 1432 291 Ho-

233 313 351 349 minis
374 324 513 358 operas
532 311 671 358 locavi,
685 325 767 350 non
783 313 934 351 caballi.
977 314 1064 352 Nec
1082 317 1213 353 minus
1231 315 1334 353 liber
1347 328 1433 354 sum

233 387 353 420 quam
384 387 466 421 vos,
504 377 626 412 etiam
663 378 696 413 si
728 389 947 423 pauperem
982 382 1097 424 pater
1131 391 1197 416 me
1232 378 1432 425 reliquit.”

234 437 321 475 Nec
368 443 582 476 contentus
628 439 851 478 maledictis
890 440 1061 478 tollebat
1104 441 1273 479 subinde
1317 441 1434 479 altius

232 501 380 549 pedem
409 507 452 540 et
484 505 655 549 strepitu
681 503 853 541 obsceno
883 504 999 542 simul
1029 509 1151 551 atque
1181 505 1302 543 odore
1331 507 1434 543 viam

233 565 437 612 implebat.
499 565 672 604 Ridebat
705 570 996 604 contumaciam
1031 567 1155 605 Giton
1188 573 1232 606 et
1259 567 1435 615 singulos

234 631 408 675 crepitus
428 631 512 666 eius
532 632 617 676 pari
636 629 807 667 clamore
827 631 1142 676 prosequebatur
1161 660 1169 668 .
1193 660 1201 669 .
1225 659 1234 669 .

132 683 302 738 118LOl
335 682 523 730 “Multos
557 683 705 739 [inquit
743 693 972 740 Eumolpos,
1005 684 1046 739 o]
1080 696 1244 732 iuvenes
1276 707 1435 732 carmen

233 754 406 802 decepit.
453 755 558 793 Nam
586 761 633 793 ut
663 759 830 802 quisque
860 770 1018 794 versum
1046 757 1216 804 pedibus
1247 760 1436 796 instruxit

233 831 473 865 sensumque
520 822 763 857 teneriorem
810 820 1021 857 verborum
1058 821 1211 858 ambitu
1248 822 1435 866 intexuit,

232 885 389 928 putavit
404 895 446 920 se
462 885 652 920 continuo
666 885 709 920 in
730 882 971 920 Heliconem
986 885 1151 921 venisse.
1186 883 1251 922 Sic
1270 883 1434 921 forensi-

233 945 307 982 bus
321 948 551 983 ministeriis
572 948 781 983 exercitati
800 945 1035 992 frequenter
1053 946 1104 983 ad
1124 949 1308 984 carminis
1326 951 1434 984 tran-

233 1008 476 1055 quillitatem
488 1014 679 1055 tanquam
694 1009 745 1046 ad
759 1014 920 1056 portum
931 1002 1172 1047 feliciorem¹
1185 1009 1435 1056 refugerunt,

233 1071 445 1109 credentes
465 1071 619 1109 facilius
638 1085 781 1118 poema
806 1074 957 1109 exstrui
983 1085 1111 1118 posse,
1135 1085 1253 1118 quam
1279 1077 1434 1110 contro-

233 1137 400 1172 versiam
437 1135 690 1173 sententiolis
743 1135 973 1173 ribrantibus
1018 1138 1176 1182 pictam.
1247 1136 1432 1173 Ceterum

233 1212 364 1245 neque
383 1202 613 1244 generosior
627 1201 787 1245 spiritus
800 1190 1044 1236 vanitatem²
1058 1203 1178 1245 amat,
1191 1212 1323 1245 neque
1342 1212 1434 1236 con-

233 1255 391 1308 cipere³
410 1267 480 1299 aut
509 1262 630 1300 edere
664 1267 823 1308 partum
856 1275 970 1299 mens
1004 1267 1138 1308 potest
1170 1265 1246 1299 nisi
1278 1265 1432 1308 ingenti

231 1325 393 1362 flumine
405 1325 631 1362 litterarum
643 1325 846 1362 inundata.
881 1324 1177 1371 Refugiendum
1189 1330 1251 1363 est
1264 1325 1316 1363 ab
1327 1328 1433 1362 omni

232 1389 456 1434 verborum,
477 1393 524 1425 ut
549 1391 605 1425 ita
632 1388 774 1434 dicam,
794 1387 950 1425 vilitate
975 1392 1018 1425 et
1041 1387 1258 1425 sumendae
1277 1401 1393 1426 voces
1410 1401 1434 1425 a

231 1451 350 1499 plebe
371 1444 579 1497 semotae,¹¹
594 1456 641 1488 ut
661 1451 730 1488 fiat
745 1441 755 1458 ‘
765 1450 830 1488 odi
846 1450 1055 1497 profanum
1070 1450 1211 1497 vulgus
1231 1455 1274 1488 et
1292 1451 1432 1488 arceo.’

234 1515 445 1552 Praeterea
461 1514 680 1552 curandum
696 1519 770 1560 est,
785 1527 837 1551 ne
858 1516 1083 1551 sententiae
1099 1516 1303 1551 emineant
1322 1518 1433 1551 extra

231 1592 372 1625 corpus
392 1581 579 1616 orationis
599 1591 823 1624 expressae,
843 1577 914 1614 sed
933 1580 1090 1614 intexto
1109 1577 1285 1614 vestibus
1303 1577 1432 1615 colore

230 1645 398 1679 niteant.
459 1643 661 1679 Homerus
687 1644 803 1679 testis
829 1645 872 1678 et
897 1640 1010 1686 lyrici
1039 1640 1315 1686 Romanusque
1336 1640 1432 1677 Ver-

229 1705 347 1751 gilius
379 1710 421 1742 et
454 1705 613 1742 Horatii
642 1707 792 1741 curiosa
821 1703 1001 1740 felicitas.
1061 1703 1194 1740 Ceteri
1225 1705 1332 1740 enim
1362 1707 1432 1739 aut

229 1781 311 1805 non
337 1768 526 1805 viderunt
553 1770 668 1814 viam,
694 1780 771 1813 qua
790 1769 916 1803 iretur
934 1765 985 1802 ad
1005 1778 1176 1811 carmen,
1196 1770 1266 1803 aut
1285 1757 1432 1803 visam⁸

228 1835 452 1870 timuerunt
490 1831 652 1868 calcare.
713 1830 818 1867 Ecce
858 1829 954 1866 belli
992 1829 1116 1866 civilis
1153 1831 1295 1874 ingens
1333 1841 1430 1874 opus

273 1899 486 1931 ¹feliei0rem
504 1899 571 1931 cod.
592 1897 871 1929 Messaniensis:
893 1896 1085 1927 faciliorem
1102 1895 1200 1927 other
1211 1895 1314 1927 MSS.

271 1942 491 1974 ²vanitatem
508 1942 575 1974 cod.
596 1940 876 1973 Messaniensis:
899 1940 1092 1970 sanitatem
1108 1938 1205 1970 other
1218 1938 1319 1970 MSS.

271 1985 480 2026 ⁸concipere
497 1985 565 2016 cod.
585 1984 799 2015 Bemensis:
821 1983 1027 2024 conspicere
1043 1982 1096 2014 L:
1118 1981 1274 2023 conspici
1294 1981 1333 2013 0.

271 2028 454 2061 ⁴semotae
470 2027 682 2059 Buecheler:
704 2031 914 2058 summotae.

270 2072 284 2092 ⁵
294 2073 408 2104 visam
424 2071 559 2103 Faber:
580 2081 734 2102 versum.

338 2127 417 2160 250
