1534 2470
409 205 572 245 TITUS
603 207 915 246 PETRONIUS
944 207 1184 245 ARBITER

189 291 411 332 currerunt,
443 299 493 324 ex
523 300 602 333 quo
633 287 870 334 podagricus
894 288 1022 326 factus
1046 301 1143 326 sum.
1202 288 1390 335 Alioquin

189 364 280 389 cum
300 365 427 390 essem
447 353 784 400 adulescentulus,
807 354 1006 392 cantando
1025 367 1153 401 paene
1172 357 1308 392 tisicus
1333 353 1391 391 fa-

190 424 277 457 ctus
297 433 393 458 sum.
436 419 546 467 Quid
565 421 735 459 saltare?
786 420 895 468 Quid
914 422 1126 460 deverbia?
1174 421 1283 468 Quid
1301 426 1392 459 ton-

189 488 384 524 strinum?
414 487 585 534 Quando
600 501 736 534 parem
751 488 871 525 habui
887 491 963 526 nisi
974 502 1100 528 unum
1115 487 1389 536 Apelletem?”

189 554 463 601 Appositaque
478 555 529 593 ad
549 569 591 592 os
610 569 731 592 manu
751 558 885 593 nescio
900 556 996 602 quid
1015 560 1191 593 taetrum
1210 554 1390 593 exsibila-

189 624 259 668 vit‚
280 622 386 668 quod
406 627 545 669 postea
565 623 764 660 Graecum
783 636 869 660 esse
889 623 1117 661 affirmabat.

243 689 331 726 Nec
351 702 431 726 non
451 689 690 726 Trimalchio
708 692 794 736 ipse
814 702 905 726 cum
923 690 1121 727 tubicines
1141 693 1247 727 esset
1261 691 1390 726 imita-

189 761 266 802 tus,
279 755 330 793 ad
342 756 503 793 delicias
516 769 603 794 suas
615 759 803 802 respexit,
817 769 937 802 quem
950 756 1138 793 Croesum
1149 755 1387 802 appellabat.

191 819 294 856 Puer
321 825 457 857 autem
489 819 632 866 lippus,
663 819 938 857 sordidissimis
973 819 1175 865 dentibus,
1204 818 1390 856 catellam

189 885 344 929 nigram
362 888 484 929 atque
508 883 746 920 indecenter
768 886 960 929 pinguem
984 885 1142 929 prasina
1163 882 1392 919 involvebat

189 946 309 983 fascia
328 959 552 993 panemque
573 949 776 983 semissem
796 947 972 992 ponebat
991 959 1109 992 super
1123 951 1256 983 torum
1269 950 1391 991 atque

191 1000 299 1055 [hac]
323 1023 470 1047 nausea
495 1015 747 1047 recusantem
773 1010 990 1056 saginabat.
1051 1008 1142 1055 Quo
1164 1009 1389 1046 admonitus

190 1073 304 1110 officii
327 1073 566 1110 Trimalchio
590 1073 795 1119 Scylacem
818 1075 931 1110 iussit
954 1072 1098 1110 adduci
1119 1063 1391 1118 “praesidium

190 1136 330 1174 domus
349 1135 640 1182 familiaeque.'’
690 1136 776 1173 Nec
799 1148 920 1181 mora,
944 1137 1121 1181 ingentis
1146 1134 1296 1172 formae
1322 1133 1388 1171 ad·-

190 1200 334 1237 ductus
354 1205 416 1237 est
435 1202 542 1236 canis
562 1205 704 1236 catena
723 1202 892 1245 vinctus,
913 1199 1220 1244 admonitusque
1243 1199 1390 1235 ostiarii

191 1263 311 1310 calce,
331 1268 378 1300 ut
397 1264 573 1309 cubaret,
593 1268 687 1300 ante
707 1276 886 1300 mensam
909 1275 951 1300 se
974 1264 1116 1309 posuit.
1175 1261 1279 1298 Tum
1304 1260 1390 1298 Tri-

190 1326 361 1364 malchio
380 1329 531 1364 iactans
550 1326 765 1363 candidum
785 1339 930 1372 panem
954 1316 1138 1362 “nemo''
1160 1326 1292 1370 inquit
1311 1314 1390 1361 “in

191 1390 309 1428 domo
334 1404 424 1428 mea
451 1403 516 1427 me
546 1390 634 1437 plus
662 1390 807 1426 amat.”
868 1389 1105 1434 Indignatus
1137 1401 1249 1434 puer,
1283 1386 1390 1434 quod

192 1453 398 1500 Scylacem
417 1458 501 1490 tam
521 1453 642 1490 effuse
661 1452 855 1498 laudaret,
876 1451 1061 1489 catellam
1083 1453 1126 1487 in
1149 1455 1297 1487 terram
1320 1449 1389 1487 de-

191 1519 323 1564 posuit
342 1516 602 1562 hortatusque
623 1521 697 1562 est,
718 1520 764 1553 ut
782 1515 833 1552 ad
852 1518 977 1552 rixam
996 1518 1237 1561 properaret.
1294 1513 1389 1559 Sey-

190 1580 268 1626 lax,
300 1583 441 1617 canino
471 1580 624 1617 scilicet
654 1592 746 1616 usus
777 1581 951 1624 ingenio,
983 1579 1213 1615 taeterrimo
1242 1576 1388 1613 latratu

191 1644 408 1681 triclinium
427 1643 609 1689 implevit
628 1643 965 1688 Margaritamque
986 1641 1119 1678 Croesi
1137 1652 1265 1686 paene
1284 1639 1388 1676 lace-

190 1710 301 1744 ravit.
333 1707 420 1744 Nec
435 1709 540 1743 intra
554 1709 679 1743 rixam
694 1705 890 1743 tumultus
910 1706 1102 1750 constitit,
1119 1702 1190 1740 sed
1205 1702 1387 1739 candela-

190 1772 305 1807 brum
331 1772 453 1807 etiam
481 1782 600 1816 super
628 1781 808 1806 mensam
837 1780 1018 1805 eversum
1054 1771 1097 1803 et
1131 1778 1222 1803 vasa
1257 1767 1389 1802 omnia

190 1833 417 1880 crystallina
436 1835 670 1869 comminuit
689 1837 732 1869 et
751 1831 838 1868 oleo
854 1830 1026 1867 ferventi
1041 1829 1192 1875 aliquot
1207 1831 1388 1865 convivas

189 1899 386 1943 respersit.
436 1895 676 1932 Trimalchio
695 1908 747 1931 ne
767 1894 970 1931 videretur
988 1896 1138 1929 iactura
1156 1896 1300 1936 motus,
1320 1892 1387 1927 ba-

189 1963 303 1998 siavit
322 1972 491 2006 puerum
511 1972 555 1995 ac
576 1961 689 1995 iussit
705 1970 822 2003 super
842 1957 1002 1994 dorsum
1021 1955 1236 1993 ascendere
1260 1967 1384 1991 suum.

189 2027 281 2065 Non
295 2032 470 2064 moratus
489 2026 558 2063 ille
578 2038 670 2062 usus
692 2029 753 2062 est
773 2037 876 2070 equo
895 2035 1095 2068 manuque
1115 2022 1235 2068 plena
1249 2034 1386 2067 scapu-

190 2096 245 2133 las
254 2098 338 2132 eius
350 2093 518 2132 subinde
531 2093 765 2138 verberavit,
778 2094 962 2137 interque
975 2093 1095 2127 risum
1108 2089 1385 2136 proclamavit:

301 2163 317 2194 1
327 2161 377 2194 20
