1500 2470
453 213 616 253 TITUS
647 211 958 252 PETRONIUS
987 213 1226 251 ARBITER

234 307 343 332 mum
373 294 621 332 auditoribus
650 293 756 332 fore:
785 306 861 331 nec
890 297 999 331 enim
1027 293 1144 331 aliter
1163 293 1438 341 impetrabunt

234 357 342 404 quod
361 362 522 404 petunt,
530 361 606 395 nisi
622 357 813 404 quasdam
827 357 989 395 insidias
1004 357 1163 395 auribus
1175 356 1367 395 fecerint:
1382 359 1438 395 sic

235 421 489 468 eloquentiae
509 424 713 467 magister,
726 423 802 458 nisi
814 425 1006 467 tanquam
1021 416 1193 467 piscator
1209 434 1298 459 eam
1312 423 1437 467 impo-

235 487 359 523 suerit
372 484 509 529 hamb
517 497 661 531 escam,
675 497 794 531 quam
809 486 944 521 scierit
958 487 1206 531 appetituros
1221 496 1308 522 esse
1322 486 1438 531 pisci-

235 548 356 594 culos,
370 551 455 586 sine
468 561 539 595 spe
551 547 724 594 praedae
740 547 958 585 morabitur
972 550 1014 584 in
1026 547 1198 594 scopulo.
1222 546 1331 594 Quid
1343 560 1438 594 ergo

235 617 297 650 est
307 613 321 649 ?
336 611 527 649 Parentes
536 612 812 657 obiurgatione
821 610 933 657 digni
946 615 1053 656 sunt,
1062 613 1130 657 qui
1142 610 1287 648 nolunt
1293 610 1438 648 liberos

234 689 324 714 suos
339 688 477 713 severa
495 675 588 721 lege
607 674 809 721 proficere.
844 674 1019 711 Primum
1031 677 1139 712 enim
1154 676 1210 712 sic
1227 679 1274 711 ut
1293 676 1437 719 omnia,

235 752 325 786 spes
345 751 503 786 quoque
530 751 619 776 suas
644 738 853 775 ambitioni
882 737 1044 774 donant.
1099 737 1258 775 Deinde
1278 750 1369 774 cum
1387 736 1438 774 ad

235 808 327 840 vota
350 806 579 849 properant,
601 801 722 838 cruda
747 800 878 838 adhue
904 800 1036 837 studia
1058 802 1100 837 in
1126 799 1255 838 forum
1281 799 1440 847 pellunt

235 871 278 904 et
318 865 603 911 eloquentiam,
641 877 720 910 qua
757 863 857 901 nihil
896 876 983 901 esse
1020 866 1147 900 maius
1185 863 1439 909 confitentur,

235 932 367 976 pueris
382 928 557 966 induunt
572 927 703 965 adhuc
718 927 985 964 nascentibus.
1018 926 1137 973 Quod
1157 929 1189 964 si
1205 931 1440 973 paterentur

235 993 415 1030 laborum
453 991 599 1037 gradus
639 990 736 1036 fieri,
775 995 822 1027 ut
859 990 1025 1027 studiosi
1063 992 1228 1027 iuvenes
1264 988 1439 1026 lectione

236 1069 373 1093 severa
403 1058 677 1100 irrigarentur,
707 1059 753 1091 ut
783 1055 1003 1100 sapientiae
1033 1055 1257 1100 praeceptis
1288 1055 1439 1089 animos

236 1123 536 1165 componerent,
554 1123 599 1155 ut
618 1118 738 1154 verba
757 1119 881 1154 atroci
901 1116 992 1153 stilo
1013 1115 1246 1161 effoderent,
1266 1120 1314 1153 ut
1332 1115 1438 1162 quod

235 1182 388 1220 vellent
402 1184 548 1218 imitari
563 1181 630 1218 diu
647 1180 845 1225 audirent,
861 1185 907 1216 ut
922 1172 1226 1225 persuaderent¹
1245 1179 1319 1216 sibi
1338 1178 1438 1216 nihil

236 1259 322 1284 esse
338 1244 606 1291 magnificum,
620 1243 726 1290 quod
742 1246 875 1290 pueris
890 1242 1087 1289 placeret:
1107 1245 1186 1279 iam
1198 1241 1266 1279 illa
1277 1242 1439 1288 grandis

236 1313 362 1348 oratio
382 1309 551 1346 haberet
570 1309 789 1344 maiestatis
809 1319 902 1344 suae
922 1306 1088 1352 pondus.
1127 1305 1246 1342 Nunc
1265 1307 1378 1352 pueri
1397 1308 1440 1341 in

237 1373 380 1412 scholis
400 1372 559 1417 ludunt,
579 1374 744 1408 iuvenes
763 1370 946 1408 ridentur
965 1373 1006 1406 in
1026 1369 1124 1415 foro,
1141 1374 1184 1406 et
1202 1369 1309 1415 quod
1331 1373 1440 1406 utro-

236 1450 314 1484 que
345 1439 500 1482 turpius
534 1440 609 1481 est,
638 1434 745 1480 quod
776 1437 943 1480 quisque
974 1445 1182 1479 perperam
1215 1432 1369 1478 didicit,
1398 1434 1439 1469 in

238 1504 448 1538 senectute
469 1498 649 1536 confiteri
669 1510 750 1534 non
771 1497 866 1534 vult.
900 1496 981 1535 Sed
1001 1509 1052 1534 ne
1072 1509 1137 1534 me
1157 1500 1275 1542 putes
1295 1498 1439 1541 impro-

237 1565 350 1601 basse
371 1562 578 1600 schedium
600 1561 828 1598 Lucilianae
849 1560 1098 1605 humilitatis,
1113 1559 1219 1605 quod
1239 1561 1381 1604 sentio,
1397 1562 1440 1594 et

237 1630 322 1673 ipse
343 1628 516 1662 carmine
537 1625 742 1670 effingam:

376 1690 486 1726 Artis
506 1700 666 1725 severae
687 1690 718 1724 si
739 1689 825 1732 quis
845 1678 988 1723 ambit²
1007 1685 1171 1723 effectus

375 1757 634 1797 mentemque
654 1753 809 1796 magnis
829 1749 1015 1796 applicat,
1036 1751 1143 1795 prius
1163 1761 1292 1786 mores

376 1814 616 1860 frugalitatis
635 1813 727 1859 lege
747 1813 871 1860 poliat
891 1817 1040 1849 exacta.

376 1878 463 1915 Nec
484 1882 598 1914 curet
617 1876 699 1914 alto
719 1878 870 1921 regiam
890 1880 1045 1912 trucem
1066 1875 1178 1911 vultu

375 1941 549 1977 cliensve
570 1952 688 1977 cenas
707 1941 990 1985 impotentium
1010 1942 1159 1984 captet,

374 2016 450 2041 nee
470 2003 637 2049 perditis
656 2001 840 2039 addictus
860 2002 1002 2038 obruat
1021 2003 1112 2037 vino

433 2070 490 2101 ¹ut
507 2069 765 2111 persuaderent
781 2068 899 2100 added
912 2069 955 2110 by
969 2068 1168 2100 Buecheler.

430 2112 444 2132 ²
455 2114 568 2145 ambit
585 2113 726 2154 margin
743 2112 795 2144 ed.
814 2113 859 2154 of
870 2112 1101 2143 Tornaesius:
1123 2113 1234 2142 amat.

347 2164 372 2203 6
