1534 2470
454 207 616 252 TITUS
648 209 959 254 PETRONIUS
988 212 1228 252 ARBITER

234 292 322 330 Nec
350 292 471 339 longe
500 307 524 330 a
552 307 748 340 praecone
778 294 964 341 Ascyltos
993 295 1125 332 stabat
1158 297 1326 333 amictus
1358 293 1437 333 dis·

235 359 380 397 coloria
414 365 525 398 veste
563 365 685 407 atque
722 364 765 398 in
798 361 912 399 lance
946 366 1139 407 argentea
1171 361 1363 399 indicium
1395 366 1438 399 et

235 426 356 464 fidem
382 427 645 474 praeferebat.
706 427 903 475 Imperavi
929 428 1080 474 Gitoni,
1107 433 1154 466 ut
1179 431 1325 475 raptim
1349 441 1438 474 gra-

236 494 374 531 batum
395 494 547 531 subiret
567 499 884 541 annecteretque
904 494 1028 541 pedes
1048 499 1092 532 et
1114 507 1254 532 manus
1277 496 1438 540 institis,

236 561 378 606 quibus
399 560 551 606 sponda
578 561 764 598 culcitam
792 560 961 607 ferebat,
981 574 1027 598 ac
1046 563 1102 599 sic
1121 565 1167 598 ut
1187 561 1283 598 olim
1302 560 1439 597 Vlixes

236 626 418 672 Cyclopis
443 618 573 664 arieti¹
595 627 854 674 adhaesisset,
883 632 1071 665 extentus
1099 627 1202 664 infra
1228 627 1438 673 grabatum

237 696 501 730 scrutantium
521 693 705 731 eluderet
725 707 874 731 manus.
935 694 1028 731 Non
1048 699 1110 732 est
1123 699 1297 731 moratus
1314 694 1438 731 Giton

236 762 446 806 imperium
455 765 739 807 momentoque
748 763 939 807 temporis
951 763 1119 798 inseruit
1130 760 1288 797 vinculo
1299 773 1438 797 manus

238 832 281 864 et
300 826 459 864 Vlixem
478 832 567 864 astu
587 827 788 864 simillimo
807 829 913 864 vicit.
973 827 1060 873 Ego
1079 839 1131 864 ne
1151 829 1363 872 suspicioni
1377 839 1438 863 re-

236 890 460 936 linquerem
489 890 634 936 locum,
660 890 855 927 lectulum
883 892 1134 928 vestimentis
1162 889 1324 936 implevi
1353 892 1436 927 uni-

237 965 363 999 usque
390 952 563 990 hominis
589 956 803 999 vestigium
830 953 881 990 ad
909 955 1082 1000 corporis
1107 955 1187 995 mei
1214 965 1437 990 mensuram

237 1016 410 1062 figuravi.

293 1079 462 1116 Interim
482 1079 668 1125 Ascyltos
688 1084 734 1117 ut
753 1082 972 1126 pererravit
1000 1092 1137 1116 omnes
1171 1092 1261 1116 cum
1290 1081 1438 1116 viatore

237 1143 370 1188 cellas,
391 1145 503 1179 venit
522 1142 572 1179 ad
591 1156 735 1188 meam,
752 1147 795 1180 et
814 1142 890 1179 hoc
910 1142 1072 1188 quidem
1092 1141 1312 1188 pleniorem
1327 1155 1438 1188 spem

237 1208 435 1252 concepit,
463 1219 542 1252 quo
569 1206 803 1252 diligentius
834 1205 1106 1252 oppessulatas
1137 1207 1291 1243 invenit
1321 1204 1436 1243 fores.

239 1269 425 1307 Publicus
458 1282 552 1306 vero
586 1282 720 1306 servus
754 1272 952 1307 insertans
985 1271 1250 1306 commissuris
1282 1281 1439 1306 secures

237 1332 498 1370 claustrorum
519 1332 749 1369 firmitatem
764 1331 921 1369 laxavit.
973 1331 1060 1377 Ego
1073 1331 1124 1369 ad
1138 1344 1270 1377 genua
1285 1331 1439 1377 Ascylti

238 1396 430 1442 procubui
458 1400 501 1432 et
527 1408 599 1441 per
624 1398 858 1432 memoriam
884 1397 1082 1432 amicitiae
1102 1407 1253 1441 perque
1273 1396 1438 1432 societa-

236 1464 322 1496 tem
348 1461 595 1495 miseriarum
621 1461 734 1504 petii,
761 1463 808 1496 ut
834 1458 976 1496 saltem
1002 1458 1235 1496 ostenderet
1260 1457 1434 1495 fratrem.

239 1521 366 1558 Immo
403 1527 450 1559 ut
484 1521 604 1558 fidem
635 1521 833 1559 haberent
871 1521 986 1558 fictae
1024 1533 1174 1568 preces,
1207 1511 1325 1557 “seio
1357 1520 1435 1558 te”

237 1587 399 1630 inquam
425 1575 449 1592 “
458 1584 637 1630 Ascylte,
664 1584 715 1621 ad
742 1584 1005 1621 occidendum
1031 1597 1096 1621 me
1123 1586 1287 1621 venisse.
1347 1582 1437 1630 Quo

237 1650 345 1685 enim
360 1660 518 1685 secures
533 1647 728 1684 attulisti?
779 1647 920 1693 Itaque
935 1650 1034 1684 satia
1048 1646 1291 1683 iracundiam
1311 1651 1437 1683 tuam:

235 1711 408 1758 praebeo
437 1724 531 1748 ecce
560 1713 768 1756 cervicem,
790 1710 915 1747 funde
944 1712 1192 1755 sanguinem,
1215 1722 1336 1755 quem
1364 1709 1438 1746 sub

235 1779 448 1820 praetextu
469 1776 711 1819 quaestionis
727 1773 903 1819 petisti.”
962 1772 1163 1809 Amolitur
1178 1771 1362 1818 Ascyltos
1376 1774 1437 1808 in-

235 1836 381 1873 vidiam
401 1841 444 1873 et
472 1849 515 1873 se
543 1849 637 1873 vero
665 1835 766 1872 nihil
794 1835 903 1872 aliud
931 1848 1051 1881 quam
1080 1835 1293 1881 fugitivum
1322 1847 1436 1871 suum

233 1899 335 1937 dixit
348 1904 731 1946 quaerere,mortem
743 1912 819 1936 nec
829 1898 1000 1935 hominis
1016 1900 1245 1946 concupisse
1257 1910 1332 1934 nec
1344 1910 1436 1943 sup-

232 1963 359 2010 plicis,
374 1965 514 2008 utique
531 1965 615 1999 eius
635 1975 756 2008 quem
775 1967 865 2008 post
885 1961 1048 1998 fatalem
1068 1963 1192 1997 rixam
1208 1950 1435 1997 habuisset²

450 2054 458 2073 ¹
472 2054 643 2096 Cyclopis
659 2054 763 2085 arieti
779 2053 972 2085 Buecheler
983 2064 997 2085 :
1013 2063 1079 2094 pro
1096 2053 1219 2085 ariete.

447 2104 461 2125 ²
473 2105 658 2137 habuisset
677 2105 871 2136 Buecheler
881 2115 894 2135 .·
910 2104 1045 2136 habuit.

345 2160 422 2201 194
