1534 2470
156 238 206 279 86

164 1625 212 1662 87

457 159 618 199 TITUS
650 160 962 199 PETRONIUS
991 160 1231 199 ARBITER

235 253 281 277 ac
300 253 366 277 me
386 245 479 278 voto
499 240 659 278 exsolvi.
706 240 889 277 Proxima
907 244 1028 278 nocte
1048 254 1139 278 cum
1157 240 1266 278 idem
1284 239 1439 286 liceret,

235 298 387 333 mutavi
407 298 613 342 optionem
633 300 676 333 et
695 287 749 333 ‘si
768 295 894 332 hune’
916 299 1079 342 inquam
1100 287 1340 333 ‘tractavero
1365 298 1438 333 im-

237 352 361 398 proba
388 364 523 396 manu,
553 356 597 389 et
624 351 693 388 ille
721 364 804 387 non
832 353 1016 397 senserit,
1044 351 1170 398 gallos
1198 351 1439 397 gallinaceos

237 409 548 454 pugnacissimos
568 406 667 444 duos
686 406 843 443 donabo
862 406 1058 452 patienti.’
1113 406 1182 443 -Ad
1207 406 1284 444 hoc
1302 411 1440 444 votum

237 462 417 509 ephebus
446 461 552 499 ultro
581 475 624 499 se
651 461 830 498 admovit
859 466 914 507 et,
944 466 1054 507 puto,
1074 464 1202 499 vereri
1221 463 1366 508 coepit,
1386 474 1439 499 ne

237 531 314 563 ego
342 516 687 554 obdormiscerem.
746 515 900 554 Indulsi
934 529 1030 562 ergo
1063 516 1246 563 sollicito,
1272 521 1440 562 totoque

239 585 401 619 corpore
440 575 539 609 citra
576 585 771 609 summam
804 571 1053 618 voluptatem
1086 584 1152 609 me
1185 573 1436 618 ingurgitavi.

241 628 400 665 Deinde
413 632 459 665 ut
471 627 556 664 dies
569 630 693 672 venit,
706 626 825 664 attuli
840 627 1034 673 gaudenti
1046 627 1235 673 quicquid
1250 629 1439 673 promise-

238 697 333 720 ram.
394 683 453 721 Ut
471 685 592 720 tertia
610 695 690 719 nox
708 682 914 719 licentiam
933 682 1060 728 dedit,
1076 684 1332 719 consurrexi.

238 738 290 776 ad
315 751 453 776 aurem
480 737 585 775 male
614 737 848 774 dormientis
869 728 960 774 ‘dji’
983 740 1146 783 inquam
1165 727 1442 783 ‘mmm-tales,

239 797 272 832 si
306 806 382 839 ego
411 793 505 830 huic
536 793 752 830 dormienti
785 792 987 829 abstulero
1017 794 1167 829 coitum
1199 792 1365 838 plenum
1397 796 1441 829 et

239 848 472 896 optabilem,
500 861 571 894 pro
600 848 674 884 hac
703 847 897 898 felicitate
926 860 1010 884 cras
1038 859 1162 893 puero
1189 852 1441 884 asturconem

242 903 547 942 Macedonicum
573 906 769 950 optimum
795 902 965 948 donabo,
986 915 1077 939 cum
1104 901 1180 939 hac
1207 907 1345 939 tamen
1373 914 1441 938 ex-

241 962 440 1006 ceptione,
479 961 512 996 si
555 958 624 995 ille
662 971 744 994 non
781 956 976 995 senserit.'
1049 957 1264 1003 Nunquam
1300 956 1441 994 altiore

243 1027 380 1052 somno
401 1014 580 1060 ephebus
600 1013 848 1050 obdormivit.
909 1011 1052 1058 Itaque
1079 1014 1252 1058 primum
1278 1011 1441 1058 implevi

242 1069 484 1107 laetentibus
503 1068 660 1115 papillis
678 1080 831 1113 manus,
855 1080 948 1104 mox
974 1067 1082 1104 basio
1107 1066 1273 1113 inhaesi,
1293 1066 1441 1104 deinde

242 1128 284 1162 in
322 1137 447 1162 unum
484 1126 617 1160 omnia
652 1128 746 1160 vota
782 1125 980 1159 coniunxi.
1053 1122 1175 1158 Mane
1221 1121 1362 1159 sedere
1398 1124 1441 1158 in

243 1179 425 1217 cubiculo
440 1181 573 1225 coepit
587 1183 708 1224 atque
725 1182 937 1224 expectare
952 1176 1283 1214 consuetudinem
1297 1189 1437 1214 meam.

243 1235 327 1273 Scis
347 1239 497 1281 quanto
515 1233 669 1270 facilius
688 1235 753 1279 sit,
768 1232 969 1270 columbas
984 1231 1188 1278 gallosque
1202 1231 1440 1278 gallinaceos

243 1303 377 1328 emere
387 1302 505 1336 quam
513 1294 777 1334 asturconem,
788 1292 830 1325 et
844 1292 1004 1334 praeter
1015 1287 1090 1323 hoc
1103 1289 1225 1324 etiam
1236 1286 1440 1332 timebam,

242 1358 295 1383 ne
314 1350 398 1382 tam
417 1344 570 1390 grande
584 1356 729 1380 munus
745 1347 970 1389 suspectam
984 1342 1135 1379 faceret
1149 1341 1441 1378 humanitatem

242 1413 383 1438 meam.
417 1400 503 1445 Ego
515 1399 667 1444 aliquot
680 1398 787 1435 horis
801 1399 1017 1444 spatiatus
1007 1410 1049 1433 111
1064 1396 1280 1443 hospitium
1295 1398 1441 1433 reverti

243 1455 423 1501 nihilque
443 1453 552 1491 aliud
571 1467 690 1499 quam
708 1465 877 1499 puerum
896 1453 1053 1489 basiavi.
1111 1451 1170 1488 At
1187 1451 1255 1488 ille
1275 1453 1440 1488 circum-

243 1513 414 1572 spiciens
447 1514 494 1546 ut
526 1512 722 1546 cervicem
754 1520 886 1545 meam
915 1509 1047 1544 iunxit
1075 1505 1275 1553 amplexu,
1305 1496 1438 1551 ‘'rogo

243 1568 375 1612 inquit
395 1555 589 1609 ‘domine,
609 1564 678 1600 ubi
697 1568 760 1600 est
778 1561 990 1600 asturco?’'
1013 1590 1020 1598 .
1045 1590 1053 1598 .
1076 1589 1085 1598 .

300 1621 400 1657 Cum
426 1620 478 1656 ob
503 1619 607 1655 hanc
627 1618 816 1655 offensam
835 1616 1135 1664 praeclusissem
1155 1614 1253 1652 mihi
1272 1615 1440 1660 aditum,

243 1688 364 1722 quem
383 1674 571 1719 feceram,
585 1677 732 1710 iterum
750 1672 802 1709 ad
820 1672 1024 1709 licentiam
1043 1671 1154 1708 redii.
1192 1670 1442 1716 Interpositis

244 1733 353 1768 enim
375 1732 510 1776 paucis
529 1729 683 1774 diebus,
704 1741 794 1764 cum
814 1726 951 1764 similis
971 1738 1081 1763 casus
1106 1738 1178 1762 nos
1204 1728 1246 1762 in
1272 1724 1442 1762 eandem

243 1786 445 1823 fortunam
482 1783 718 1827 rettulisset,
757 1787 803 1819 ut
844 1781 1027 1818 intellexi
1064 1785 1234 1818 stertere
1270 1784 1441 1826 patrem,

243 1852 383 1886 rogare
417 1841 530 1885 coepi
569 1838 783 1884 ephebum,
818 1841 865 1873 ut
897 1840 1167 1873 reverteretur
1198 1837 1241 1871 in
1273 1836 1442 1880 gratiam

242 1908 414 1940 mecum,
433 1894 477 1931 id
506 1898 568 1930 est
595 1898 642 1930 ut
670 1896 877 1938 pateretur
899 1893 994 1928 satis
1020 1890 1104 1927 fieri
1130 1889 1216 1935 sibi,
1237 1894 1280 1926 et
1308 1893 1442 1926 cetera

242 1963 344 1997 quae
363 1948 488 1986 libido
508 1948 686 1985 distenta
704 1946 840 1983 dictat.
892 1946 949 1983 At
971 1945 1040 1982 ille
1060 1945 1178 1991 plane
1197 1947 1321 1981 iratus
1340 1942 1441 1979 nihil

242 2005 350 2042 aliud
369 2004 530 2042 dicebat
548 2005 624 2040 nisi
643 2002 738 2039 hoc:
756 1992 857 2038 “aut
876 2000 1017 2046 dormi,
1032 2005 1102 2037 aut
1121 2012 1196 2045 ego
1215 2002 1294 2035 iam
1312 1998 1441 2036 dicam

242 2062 356 2107 patri.
363 2060 385 2073 '’
435 2058 547 2096 Nihil
571 2062 633 2096 est
661 2062 746 2095 tam
771 2056 952 2102 arduum,
972 2055 1078 2101 quod
1104 2067 1185 2092 non
1211 2053 1442 2095 improbitas

355 2125 431 2163 170
