1534 2470
485 212 647 255 TITUS
678 211 990 256 PETRONIUS
1018 213 1259 255 ARBITER

262 295 408 341 gaudio
424 286 660 334 exsultans‘
663 286 837 334 ‘Vides''
854 299 987 344 inquit
1005 287 1200 344 “Chrysis
1218 310 1321 344 mea,
1340 297 1465 345 vides,

263 358 370 405 quod
389 359 475 397 aliis
494 359 672 406 leporem
693 360 918 398 excitaviF’

191 419 264 461 LO
283 413 288 467 Ι
321 422 475 460 Nobilis
494 426 663 461 aestivas
682 423 867 470 platanus
887 389 1100 462 diffiiderat
1118 425 1278 463 umbras

318 490 361 524 et
379 486 486 524 bacis
505 486 692 524 redimita
712 486 885 534 Daphne
905 487 1180 535 tremulaeque
1200 500 1408 535 cupressus

317 554 360 587 et
379 552 527 587 circum
550 555 690 588 tonsae
709 551 929 597 trepidanti
947 554 1098 590 vertice
1117 554 1245 599 pinus.

318 613 405 651 Has
424 616 532 651 inter
550 613 718 652 ludebat
735 617 847 661 aquis
867 616 1091 653 enantibus
1109 618 1236 653 amnis

316 689 504 723 spumeus
524 682 567 714 et
586 677 752 724 querulo
771 678 942 716 vexabat
960 691 1048 716 rore
1066 678 1232 725 lapillos.

318 739 475 787 Dignus
495 754 628 778 amore
647 741 781 779 locus:
809 744 925 779 testis
945 741 1134 779 silvestris
1153 741 1283 780 aedon

315 808 437 850 atque
457 804 608 840 urbana
629 803 793 851 Procne,
813 817 915 851 quae
935 807 1083 842 circum
1101 807 1281 852 gramina
1298 804 1410 844 fusae

316 879 362 904 ac
380 866 522 904 molles
541 867 662 905 violas
682 872 803 905 cantu
822 881 892 905 sua
911 859 1033 905 furta¹
1047 868 1233 906 colebant
1254 897 1261 906 .
1285 897 1292 905 .
1316 897 1324 905 .

318 929 531 967 Premebat
549 930 617 967 illa
636 930 810 968 resoluta
824 933 1053 969 marmoreis
1068 932 1286 969 cervicibus
1301 944 1464 969 aureum

261 997 394 1031 torum
431 998 644 1040 myrtoque
682 993 839 1031 florenti
878 996 1059 1040 quietum
1089 1023 1096 1031 .
1130 1023 1138 1031 .
1171 1023 1179 1032 .
1216 994 1461 1032 verberabat.

262 1055 404 1103 Itaque
425 1061 471 1094 ut
489 1069 556 1095 me
575 1056 688 1103 vidit,
709 1057 915 1103 paululum
935 1058 1107 1104 erubuit,
1127 1057 1340 1096 hesternae
1360 1057 1462 1095 scili-

261 1125 328 1158 cet
369 1122 536 1157 iniuriae
573 1133 750 1165 mem0r3
797 1120 945 1158 deinde
988 1125 1036 1158 ut
1075 1123 1239 1158 remotis
1279 1121 1462 1159 omnibus

261 1183 481 1221 secundum
514 1186 754 1221 invitantem
787 1183 962 1228 consedi,
991 1197 1145 1222 ramum
1177 1197 1297 1231 super
1328 1184 1461 1222 oculos

260 1260 370 1285 meos
389 1249 534 1293 posuit,
555 1251 598 1284 et
617 1249 727 1293 quasi
750 1249 903 1293 pariete
923 1250 1136 1285 interiecto
1153 1247 1338 1285 audacior
1355 1247 1463 1285 facta
1532 1251 1534 1254 ’

260 1301 284 1318 “
294 1309 404 1357 Quid
423 1310 516 1347 est''
538 1312 670 1356 inquit
685 1300 711 1317 “
718 1310 959 1357 paralytice?
980 1310 1123 1357 ecquid
1137 1310 1257 1348 hodie
1271 1315 1381 1349 totus
1394 1323 1461 1348 ve-

259 1374 379 1412 nisti?
389 1373 411 1386 '’
438 1364 463 1381 “
474 1373 603 1420 Rogas
612 1373 634 1386 ”
651 1376 814 1420 inquam
830 1386 906 1420 ego
919 1364 1084 1420 “potius
1096 1387 1215 1421 quam
1229 1373 1460 1421 temptas?”
1527 1369 1534 1427 ζ

259 1436 441 1483 Totoque
457 1449 620 1484 corpore
639 1439 682 1474 in
701 1437 930 1483 amplexum
945 1439 1028 1475 eius
1043 1440 1239 1475 immissus
1253 1450 1335 1475 non
1349 1450 1462 1484 prae-

260 1502 429 1538 cantatis
449 1513 574 1547 usque
594 1499 645 1537 ad
665 1503 892 1538 satietatem
913 1500 1055 1538 osculis
1074 1500 1182 1538 fruor
1202 1529 1209 1538 .
1233 1530 1241 1537 .
1265 1530 1273 1538 .

157 1563 268 1602 132L
325 1555 329 1609 Ι
350 1563 440 1611 Ipsa
461 1566 632 1610 corporis
652 1563 951 1610 pulchritudine
974 1577 1039 1601 me
1059 1563 1111 1601 ad
1133 1576 1176 1602 se
1195 1569 1363 1602 vocante
1381 1569 1460 1602 tra·
1531 1557 1534 1595 Ϊ

258 1627 382 1664 hebat
401 1626 452 1664 ad
472 1640 672 1664 venerem.
724 1626 809 1663 Iam
832 1627 1010 1673 pluribus
1029 1627 1172 1665 osculis
1195 1627 1330 1665 collisa
1351 1627 1461 1664 labra

259 1690 523 1737 crepitabant,
542 1692 620 1727 iam
639 1689 856 1736 implicitae
875 1703 1015 1727 manus
1034 1703 1152 1727 omne
1171 1703 1299 1736 genus
1317 1693 1460 1728 amoris

258 1756 509 1799 invenerant,
535 1755 614 1790 iam
637 1752 800 1799 alligata
829 1758 970 1790 mutuo
1000 1753 1152 1791 ambitu
1184 1765 1346 1800 corpora
1375 1755 1459 1790 ani-

258 1830 411 1854 marum
431 1829 588 1863 quoque
611 1818 825 1853 mixturam
844 1815 1024 1854 fecerant
1044 1846 1052 1853 .
1076 1845 1083 1853 .
1106 1845 1114 1854 .

315 1879 541 1917 Manifestis
553 1879 1002 1916 matrona-contumeliis
1015 1879 1222 1917 verberata
1233 1878 1398 1918 tandem
1409 1878 1460 1917 ad

258 1943 452 1981 ultionem
480 1942 656 1979 decurrit
682 1947 878 1988 vocatque
905 1942 1163 1979 cubicularios
1190 1947 1232 1979 et
1257 1955 1322 1980 me
1347 1943 1461 1980 iubet
1531 1967 1534 1969 -

257 1998 532 2043 catomidiari.2
579 2005 666 2042 Nec
692 2009 884 2042 contenta
908 2004 1052 2042 mulier
1076 2009 1160 2042 tam
1184 2007 1295 2051 gravi
1319 2007 1460 2043 iniuria
1517 2018 1531 2050 „¹

513 2066 525 2086 ¹
538 2068 633 2099 furta
648 2068 860 2099 Buecheler:
882 2078 967 2099 sura
982 2079 1023 2099 or
1036 2078 1129 2099 rura.

513 2110 759 2143 ²catomidiari
775 2111 998 2143 Salmasius:
1019 2115 1248 2153 catarogare.

365 2166 444 2206 292
