1534 2470
447 199 608 237 TITUS
638 198 949 237 PETRONIUS
978 198 1216 236 ARBITER

230 283 281 321 74
312 279 411 317 Poet.
437 279 518 316 Lat.
542 279 637 316 Min.
661 281 711 325 iv,
732 279 793 316 ed.
818 278 1029 316 Baehrens.

181 340 194 372 ι
230 335 417 372 Inveniet
436 335 542 381 quod
562 337 728 380 quisque
749 334 865 371 velit:
894 347 975 371 non
995 334 1176 372 omnibus
1196 347 1319 371 unum
1339 339 1400 371 est

339 390 447 437 quod
467 390 619 436 placet:
649 389 714 426 hic
734 392 866 436 spinas
887 389 1052 435 colligit,
1073 389 1141 427 ille
1160 402 1276 427 rosas.

230 474 280 511 75
303 469 458 507 P.L.M.

175 531 197 563 2
229 526 314 562 Iam
333 539 440 562 nunc
459 525 642 571 algentes
662 529 876 562 autumnus
895 524 1047 562 fecerat
1066 517 1244 562 umbras¹

228 586 349 627 atque
370 581 545 618 hiemem
565 580 712 626 tepidis
733 580 941 626 spectabat
963 579 1145 617 Phoebus
1165 579 1345 624 habenis,

229 639 306 673 iam
326 636 511 682 platanus
531 638 679 672 iactare
699 648 842 680 comas,
864 637 942 671 iam
963 640 1150 681 coeperat
1169 647 1263 672 uvas

228 692 491 729 adnumerare
513 703 601 727 suas
622 689 783 727 defecto
803 689 968 736 palmite
988 692 1099 726 vitis:

228 752 323 785 ante
343 746 476 784 oculos
496 746 628 783 stabat
647 745 842 791 quidquid
863 747 1095 791 promiserat
1114 756 1251 782 annus.

175 944 198 976 3
230 938 383 975 Primus
402 941 444 974 in
464 938 559 974 orbe
580 936 676 974 deos
697 935 795 973 fecit
815 938 944 981 timor,
965 934 1087 972 ardua
1107 934 1216 972 caelo

228 993 396 1031 fulmina
415 1006 505 1029 cum
527 992 718 1029 caderent
737 991 990 1036 discussaque
1010 992 1168 1027 moenia
1186 989 1350 1026 flammis

227 1054 349 1095 atque
369 1051 471 1085 ictus
491 1047 675 1093 flagraret
695 1046 844 1090 Athos3
873 1058 964 1082 mox
986 1045 1168 1082 Phoebus
1187 1045 1237 1081 ab
1256 1037 1369 1081 ortu²

226 1104 395 1141 lustrata
414 1103 607 1140 deuectus
627 1101 762 1147 humo,
783 1100 1000 1146 Lunaeque
1020 1105 1206 1137 senectus

227 1165 270 1197 et
289 1163 494 1205 reparatus
514 1157 659 1201 honos;
688 1156 781 1192 hinc
801 1158 914 1201 signa
934 1154 1055 1192 effusa
1073 1167 1145 1201 per
1164 1155 1300 1191 orbem

228 1220 270 1252 et
289 1215 527 1261 permutatis
547 1212 768 1249 disiunctus
787 1211 990 1247 mensibus
1009 1223 1146 1247 annus.

229 1261 425 1307 Profecit⁸
445 1270 586 1305 vitium
606 1270 764 1312 iamque
784 1278 892 1303 error
911 1267 1024 1302 iussit
1044 1267 1172 1302 inanis

227 1324 417 1371 agricolas
437 1326 583 1369 primos
603 1322 737 1359 Cereri
756 1321 850 1358 dare
870 1322 1007 1357 messis
1026 1319 1208 1365 honores,

228 1380 458 1427 palmitibus
478 1378 607 1424 plenis
629 1375 829 1413 Bacchum
849 1378 1010 1420 vincire,
1034 1374 1247 1420 Palemque

227 1439 429 1482 pastorum
448 1433 624 1479 gaudere
644 1444 784 1476 manu3
812 1434 925 1467 natat
944 1430 1108 1467 obrutus
1127 1432 1253 1466 omnis

228 1491 442 1536 Neptunus
462 1488 666 1526 demersus
685 1499 807 1532 aqua;
838 1485 1043 1531 Pallasque
1064 1485 1247 1555 taberna?

1263 1422 1276 1445 4

228 1545 423 1588 vindicat3
452 1548 495 1581 et
513 1545 595 1580 voti
615 1554 705 1579 reus
725 1546 768 1578 et
788 1543 854 1586 qui
875 1540 1056 1577 vendidit
1075 1539 1225 1584 orbem,

228 1604 307 1638 iam
326 1600 400 1639 sibi
420 1601 587 1645 quisque
607 1597 702 1635 deos
722 1595 837 1633 avido
858 1597 1074 1632 certamine
1094 1593 1219 1640 fingit.

175 1772 197 1803 4
228 1709 605 1812 7Ν701ξξὲ21ἐεωρει·
624 1762 733 1800 idem
753 1763 873 1807 capiti
893 1759 1119 1798 suffundere
1139 1763 1291 1796 costum

335 1833 411 1858 nec
431 1811 552 1857 ιιοέο6
571 1817 819 1856 stomachum
840 1815 1049 1853 conciliare
1069 1827 1188 1851 mero.

267 1885 454 1926 'algentes
469 1905 476 1914 .
492 1905 500 1914 .
518 1905 526 1913 .
540 1881 674 1912 fecerat
690 1875 873 1911 Baehrens
883 1889 896 1910 .·
918 1877 1088 1909 ardentes
1100 1899 1108 1908 .
1125 1900 1131 1908 .
1147 1900 1155 1908 .
1172 1876 1330 1917 fregerat
1352 1875 1387 1907 V.

268 1926 338 1959 ²ab
354 1931 434 1959 ortu
451 1926 595 1958 Butler:
618 1923 662 1955 ad
681 1927 780 1954 ortus
798 1922 836 1953 V.

265 1970 439 2012 ³profecit
456 1978 571 2000 anon:
594 1966 741 2008 proiecit
763 1965 799 1996 V.

265 2014 278 2033 ⁴
291 2018 394 2046 natat
411 2012 559 2044 obrutus
571 2009 737 2052 probably
749 2010 906 2048 corrupt:
928 2009 1053 2047 portus
1069 2009 1164 2037 tenet
1180 2004 1377 2036 Buecheler.

264 2057 407 2089 ⁵orbem
421 2055 578 2097 perhaps
593 2055 754 2093 corrupt:
777 2050 901 2082 orbam
917 2049 1034 2081 Barth
1045 2059 1058 2080 .·
1081 2048 1203 2080 urbem
1220 2048 1386 2079 Pithoeus

265 2100 279 2120 ‘
290 2104 375 2133 noto
390 2098 599 2131 Paulmier:
622 2100 699 2127 toto
720 2095 758 2127 V.

339 2154 417 2189 842
