1500 2470
146 1241 194 1279 47

446 203 609 243 TITUS
640 204 952 246 PETRONIUS
982 206 1222 246 ARBITER

225 283 319 322 dem
338 284 507 331 litteras,
527 285 599 323 sed
619 299 701 323 non
721 286 808 325 vult
835 287 1024 326 laborare.
1075 288 1149 326 Est
1168 294 1211 327 et
1229 289 1332 327 alter
1350 302 1432 328 non

225 348 389 395 quidem
405 348 560 395 doctus,
576 349 649 387 sed
668 353 857 397 curiosus,
873 354 941 397 qui
961 351 1050 398 plus
1065 351 1186 390 docet
1204 365 1324 399 quam
1343 355 1429 390 scit.

227 411 368 458 Itaque
389 412 541 450 feriatis
556 413 698 450 diebus
713 413 816 452 solet
835 414 1000 452 domum
1014 418 1164 461 venire,
1181 420 1224 454 et
1242 416 1432 463 quicquid

225 475 397 522 dederis,
418 481 634 514 contentus
650 482 722 514 est.
782 477 872 514 Emi
894 491 990 524 ergo
1009 492 1118 516 nunc
1137 492 1262 526 puero
1280 479 1433 526 aliquot

225 539 325 577 libra
344 540 555 586 rubricata,
572 543 664 586 quia
679 540 767 578 volo
787 540 901 578 illum
917 541 967 579 ad
987 541 1263 580 domusionem
1281 542 1432 589 aliquid

224 603 276 640 de
296 606 381 640 iure
401 608 573 649 gustare.
614 604 755 641 Habet
774 604 873 653 haec
892 618 955 642 res
975 618 1131 652 panem.
1163 606 1268 643 Nam
1286 606 1432 644 litteris

225 669 319 704 satis
339 669 570 713 inquinatus
591 672 662 705 est.
695 666 815 713 Quod
835 670 867 705 si
887 668 1086 715 resilierit,
1101 668 1299 706 destinavi
1318 669 1431 706 illum

225 730 379 768 artificii
411 730 570 776 docere,
589 735 660 768 aut
688 724 979 768 tonstreinum¹
999 737 1070 769 aut
1095 745 1335 779 praeconem
1361 737 1432 770 aut

226 798 336 831 certe
367 793 624 839 causidicum,
656 794 763 840 quod
800 794 859 831 illi
896 794 1054 832 auferre
1087 808 1170 833 non
1200 798 1326 842 possit
1355 798 1431 833 nisi

226 857 364 895 Orcus.
430 856 528 894 Ideo
559 857 616 894 illi
656 857 803 894 cotidie
843 857 990 895 clamo:
1029 849 1280 906 ‘Primigeni‚
1311 858 1431 896 crede

225 920 336 966 mihi,
371 920 560 966 quicquid
592 920 722 966 discis,
749 921 824 958 tibi
853 921 981 959 discis.
1024 921 1146 959 Vides
1176 921 1431 960 Phileronem

225 983 489 1021 causidicum:
505 986 537 1021 si
552 997 634 1021 non
650 983 869 1030 didicisset,
881 984 1001 1022 hodie
1017 984 1164 1023 famem
1179 998 1202 1022 a
1215 985 1335 1023 labris
1349 998 1430 1022 non

231 1048 423 1093 abigeret.
443 1047 707 1093 Modo‚modo
719 1047 821 1085 collo
833 1060 904 1085 suo
913 1047 1219 1086 circumferebat
1231 1061 1352 1086 onera
1363 1061 1430 1086 ve-

226 1111 343 1156 nalia,
359 1124 466 1148 nunc
480 1113 602 1148 etiam
616 1110 804 1148 adversus
820 1110 1054 1148 Norbanum
1067 1123 1109 1148 se
1125 1111 1321 1150 extendit.
1345 1110 1430 1149 Lit-

226 1179 336 1212 terae
349 1173 581 1211 thesaurum
594 1178 668 1220 est,
682 1178 725 1212 et
736 1173 946 1211 artificium
958 1187 1163 1220 nunquam
1174 1174 1365 1212 moritur.’
1377 1174 1400 1188 ’⁹

282 1236 488 1275 Eiusmodi
508 1236 666 1274 fabulae
687 1237 909 1283 vibrabant,
931 1250 1022 1274 cum
1045 1237 1284 1275 Trimalchio
1306 1240 1429 1275 intra-

226 1304 284 1339 vit
304 1306 346 1338 et
366 1300 526 1338 detersa
546 1299 679 1338 fronte
700 1305 910 1346 unguento
933 1313 1074 1338 manus
1099 1300 1198 1338 lavit
1222 1304 1430 1348 spatioque

226 1367 392 1402 minimo
418 1366 656 1410 interposito
683 1353 920 1409 “Ignoscite
947 1363 1077 1400 mihi”
1106 1366 1238 1410 inquit
1268 1354 1429 1411 “amici,

225 1428 362 1466 multis
388 1430 468 1464 iam
495 1427 636 1464 diebus
663 1432 806 1464 venter
833 1427 930 1464 mihi
957 1440 1039 1464 non
1065 1427 1283 1474 respondit.
1342 1427 1430 1465 Nec

226 1490 371 1528 medici
391 1503 433 1527 se
453 1492 674 1527 inveniunt.
714 1489 867 1526 Profuit
882 1488 980 1526 mihi
998 1494 1135 1527 tamen
1161 1483 1430 1527 malicorium'

226 1559 270 1592 et
288 1553 408 1591 taeda
427 1566 477 1590 ex
496 1557 621 1590 aceto.
672 1552 797 1598 Spero
817 1557 966 1598 tamen,
986 1555 1065 1589 iam
1084 1545 1287 1590 veterem⁸
1304 1552 1429 1600 pudo-

225 1631 311 1655 rem
345 1617 419 1654 sibi
453 1619 644 1662 imponet.
703 1615 894 1662 Alioquin
922 1618 1025 1653 circa
1052 1615 1302 1653 stomachum
1329 1615 1427 1653 mihi

226 1685 354 1726 sonat,
374 1684 492 1726 putes
511 1684 680 1716 taurum.
742 1678 883 1726 Itaque
903 1681 935 1716 si
955 1681 1043 1725 quis
1062 1683 1239 1716 vestrum
1259 1678 1429 1716 voluerit

226 1757 296 1782 sua
321 1756 365 1781 re
393 1733 567 1789 [causa]4
587 1742 731 1788 facere,
751 1755 833 1779 non
864 1747 926 1779 est
952 1741 1059 1789 quod
1085 1742 1197 1779 illum
1217 1741 1424 1788 pudeatur.

226 1806 357 1843 Nemo
376 1809 558 1842 nostrum
573 1804 698 1841 solide
718 1809 835 1841 natus
856 1808 928 1841 est.
961 1803 1047 1850 Ego
1062 1803 1216 1841 nullum
1231 1807 1330 1850 puto
1345 1808 1427 1840 tam

226 1881 417 1915 magnum
443 1872 691 1906 tormentum
717 1880 804 1905 esse
832 1880 950 1914 quam
977 1870 1194 1906 continere.
1255 1867 1348 1904 Hoc
1365 1878 1427 1904 so-

486 1963 722 1995 ¹tonstrinum
738 1963 909 2004 Scheffer:
931 1963 1182 1996 consti-einum.

485 2006 728 2038 ²malicorium
744 2006 918 2048 Scheffer:
940 2006 1177 2038 maleicorum.

484 2050 497 2070 ³
508 2054 664 2082 veterem
680 2050 880 2081 Heinsius:
903 2055 1073 2082 ventrem.

487 2093 500 2112 ⁴
510 2104 621 2125 causa
637 2093 818 2124 bracketed
830 2093 873 2134 by
888 2092 1051 2133 Scheffer.

337 2167 387 2201 80

1492 1299 1500 1323 —
1489 1123 1500 1288 “affl-..mm
1497 1098 1500 1114 i„

1498 1858 1500 1916 ἱ
