1534 2470
479 197 680 236 LUCIUS
710 198 976 237 ANNAEUS
1006 198 1218 238 SENECA

466 277 633 314 Cretaea
651 282 798 315 tenens
817 277 964 324 oppida
983 283 1158 316 centum.

465 332 629 369 Caedite
649 335 810 370 maestis
829 338 992 379 pectora
1010 334 1165 380 palmis,

463 400 487 423 0
507 387 706 432 causidici,
727 388 868 425 venale
887 401 1026 434 genus.

465 442 624 488 Vosque
645 448 789 488 poetae
809 443 948 489 lugete
967 446 1073 489 novi,

462 510 611 543 vosque
631 500 673 534 in
693 501 830 543 primis
850 501 918 544 qui
938 512 1128 536 concusso

462 565 607 598 magna
626 556 792 599 parastis
811 553 921 590 lucra
939 553 1116 591 fritillo.’'

164 639 212 673 13
244 635 535 673 Delectabatur
546 635 729 673 laudibus
742 638 821 673 suis
835 636 1034 682 Claudius,
1044 642 1086 674 et
1098 638 1285 682 cupiebat
1296 637 1445 676 diutius

242 712 435 753 spectare.
480 706 601 744 Inicit
631 707 690 744 illi
721 721 885 744 manum
917 707 1154 754 Talthybius
1185 700 1373 746 deorum¹
1402 713 1446 746 et

241 778 367 816 trahit
387 781 518 825 capite
538 778 740 824 obvoluto,
760 792 812 816 ne
833 781 920 825 quis
947 792 1038 816 eum
1067 782 1192 825 possit
1216 792 1444 826 agnoscere,

240 863 312 897 per
327 863 511 896 campum
532 849 736 896 Martium,
750 855 793 887 et
807 853 914 887 inter
928 850 1105 888 Tiberim
1120 855 1163 888 et
1176 853 1280 887 viam
1294 855 1445 888 tectam

239 921 452 959 descendit
470 921 522 958 ad
542 921 701 958 inferos.
748 922 1034 959 Antecesserat
1053 924 1132 958 iam
1152 921 1445 968 compendiaria

241 993 447 1030 Narcissus
467 992 634 1030 libertus
655 993 706 1030 ad
725 997 938 1039 patronum
959 992 1252 1039 excipiendum,
1272 997 1315 1030 et
1332 995 1442 1030 veni-

240 1067 326 1102 enti
346 1063 512 1109 nstidus,
532 1068 578 1100 ut
599 1069 686 1101 erat
708 1077 733 1100 a
751 1063 922 1109 balineo,
942 1067 1114 1101 occurrit
1133 1068 1176 1101 et
1193 1066 1269 1101 ait:
1298 1053 1439 1110 “Quid

238 1136 279 1173 di
312 1135 363 1172 ad
396 1135 635 1172 homines?’'
673 1125 910 1172 “celerius'’
945 1137 1077 1180 inquit
1110 1135 1331 1172 Mercurius
1359 1124 1387 1143 “
1396 1139 1438 1172 et

238 1209 374 1244 venire
405 1219 478 1243 nos
509 1206 690 1243 nuntia.''
750 1205 871 1243 Dicto
909 1209 1025 1243 citius
1056 1206 1261 1243 Narcissus
1294 1205 1435 1243 evolat.

238 1278 385 1316 Omnia
431 1277 620 1324 proclivia
658 1282 764 1323 sunt,
803 1277 920 1315 facile
959 1277 1227 1314 descenditur.
1297 1276 1438 1322 Itaque

237 1352 415 1396 quamvis
436 1349 672 1395 podagricus
692 1353 811 1394 esset,
827 1353 1032 1385 momento
1047 1350 1238 1393 temporis
1257 1349 1440 1393 pervenit

236 1421 288 1458 ad
307 1423 466 1458 ianuam
488 1419 607 1465 Ditis,
624 1420 692 1457 ubi
712 1420 868 1457 iacebat
888 1420 1082 1457 Cerberus
1097 1418 1160 1456 vel
1175 1424 1222 1455 ut
1232 1421 1290 1455 ait
1309 1418 1438 1455 Hora-

236 1495 316 1530 tius
337 1482 489 1528 “belua
509 1491 752 1537 centiceps.’'
787 1491 978 1528 Pusillum
997 1488 1437 1536 perturbatur—subal-

235 1564 326 1601 bam
360 1575 500 1599 canem
528 1565 571 1599 in
599 1562 752 1599 deliciis
782 1561 930 1599 habere
959 1561 1296 1598 adsueverat—ut
1323 1560 1433 1597 illum

233 1634 335 1672 vidit
365 1646 505 1671 canem
535 1636 707 1679 nigrum,
728 1633 923 1679 villosum,
950 1645 1044 1670 sane
1075 1645 1156 1669 non
1188 1644 1308 1677 quem
1338 1631 1435 1668 velis

233 1706 309 1744 tibi
334 1708 377 1742 in
396 1705 574 1742 tenebris
595 1717 815 1749 occurrere,
836 1709 878 1741 et
900 1716 1046 1749 magna
1064 1715 1160 1740 voce
1181 1693 1430 1740 “Claudius’'

232 1779 365 1823 inquit
395 1767 604 1813 “veniet'’
655 1776 755 1812 Cum
783 1776 923 1822 plausu
953 1774 1177 1821 procedunt
1205 1778 1433 1810 cantantesz

233 1847 447 1895 εὑρήκαμεν,
483 1839 781 1893 συγχαίρωμεν.2
840 1847 920 1882 Hic
954 1850 1040 1882 erat
1071 1845 1111 1882 C.
1146 1844 1264 1882 Silius
1297 1843 1431 1881 consul

230 1927 476 1974 designatus,
506 1926 652 1964 Iuncus
677 1929 910 1971 praetorius,
932 1925 1020 1963 Sex.
1043 1924 1223 1970 Traulus,
1251 1924 1305 1961 M.
1330 1922 1431 1960 Hel-

585 2007 594 2025 ¹
615 2007 686 2038 The
701 2006 803 2037 MSS.
824 2006 899 2036 add
910 2005 1064 2036 nuntius.

268 2050 282 2072 ⁸
291 2050 484 2082 Buecheler
496 2050 603 2082 alters
618 2049 674 2081 the
689 2049 766 2081 MS.
787 2049 938 2090 reading
949 2051 982 2079 to
997 2047 1222 2087 συγχαίρομεν,
1239 2046 1296 2078 the
1310 2045 1432 2078 actual

226 2094 322 2126 word
333 2094 378 2135 of
383 2093 440 2125 the
455 2104 524 2135 cry.

338 2148 417 2180 400
