1534 2470
108 484 177 516 121

433 207 595 246 TITUS
627 208 938 248 PETRONIUS
968 210 1208 250 ARBITER

213 308 264 333 ex
284 308 364 342 quo
385 296 570 334 Sullanus
590 297 694 334 bibit
713 300 818 335 ensis
839 302 882 335 et
900 297 1060 336 horrida
1078 298 1200 337 tellus

212 387 360 425 extulit
379 390 421 425 in
441 388 573 426 lucem
593 391 764 426 nutritas
784 392 978 436 sanguine
997 389 1158 437 fruges.'

269 480 384 517 Haec
404 481 472 517 ubi
492 480 599 518 dicta
619 480 746 528 dedit,
766 481 931 519 dextrae
953 483 1195 528 coniungere
1214 481 1396 520 dextram

211 577 376 609 conatus
396 577 514 618 rupto
533 572 721 610 tellurem
740 573 858 610 solvit
877 573 999 611 hiatu.
1337 577 1407 611 101

211 663 323 701 Tunc
344 663 519 701 Fortuna
537 663 615 701 levi
636 663 795 702 defudit
813 669 976 711 pectore
996 677 1132 703 voces:

212 745 269 793 ‘O
290 758 461 801 genitor,
483 758 546 793 cui
567 756 705 802 Cocyti
724 756 946 802 penetralia
964 761 1120 803 parent,

211 846 243 882 si
261 844 381 881 modo
400 857 493 882 vera
511 844 610 881 mihi
630 844 688 882 fas
709 850 771 882 est
790 847 954 891 impune
974 844 1133 892 profari,

212 937 303 970 vota
322 932 396 970 tibi
416 932 584 977 cedent;
612 945 688 970 nec
708 935 815 969 enim
834 935 963 969 minor
981 935 1039 969 ira
1057 932 1227 970 rebellat

212 1026 373 1067 pectore
393 1023 435 1057 in
454 1020 530 1058 hoc
548 1020 751 1067 leviorque
772 1023 902 1058 exurit
921 1020 1076 1057 flamma
1093 1019 1295 1058 medullas.

213 1109 372 1155 Omnia,
393 1122 494 1155 quae
513 1110 635 1146 tribui
658 1109 842 1146 Romanis
861 1109 1028 1156 arcibus,
1047 1108 1114 1146 odi

212 1197 523 1243 muneribusque
542 1199 642 1234 meis
662 1199 815 1233 irascor.
877 1196 1071 1234 Destruet
1088 1198 1183 1234 istas

212 1285 334 1331 idem,
355 1287 423 1331 qui
442 1287 587 1331 posuit,
607 1284 733 1322 moles
753 1284 862 1322 deus.
918 1284 972 1322 Et
990 1284 1089 1321 mihi
1109 1284 1218 1322 cordi

211 1376 359 1420 quippe
380 1386 556 1410 cremare
576 1375 678 1410 viros
698 1377 741 1410 et
760 1375 954 1418 sanguine
969 1385 1130 1419 pascere
1150 1372 1298 1410 luxum.
1337 1376 1414 1409 110

213 1461 341 1498 Cerno
361 1460 548 1507 equidem
567 1463 729 1506 gemina
747 1462 826 1497 iam
846 1464 990 1497 stratos
1009 1464 1138 1497 morte
1160 1459 1362 1506 Philippos

211 1548 519 1594 Thessaliaeque
534 1560 650 1594 rogos
672 1552 714 1584 et
733 1547 874 1584 funera
893 1549 1027 1593 gentis
1047 1547 1236 1584 Hiberae.

213 1635 297 1672 Iam
317 1635 450 1681 fragor
468 1608 666 1672 armorum
685 1634 934 1681 trepidantes
954 1639 1141 1681 personat
1159 1647 1283 1672 aures.

212 1723 266 1761 Et
286 1723 437 1769 Libyae
458 1736 578 1760 cerno
597 1728 680 1768 tua,
701 1722 807 1768 Nile,
827 1725 1033 1768 gementia
1052 1722 1222 1759 claustra

212 1811 474 1857 Actiacosque
495 1813 602 1848 sinus
623 1815 665 1848 et
684 1810 882 1856 Apollinis
900 1822 1009 1847 arma
1027 1812 1228 1848 timentes.

214 1898 360 1944 Pande,
381 1911 470 1944 age,
490 1903 686 1935 terrarum
703 1899 879 1934 sitientia
898 1909 1023 1942 regna
1041 1901 1199 1934 tuarum

209 1992 331 2033 atque
350 1989 501 2024 animas
519 1999 677 2024 accerse
697 1998 827 2023 novas.
891 1985 963 2022 Vix
982 1988 1116 2023 navita
1136 1985 1371 2024 Porthmeus

209 2075 376 2114 sufficiet
396 2074 603 2112 simulacra
621 2076 749 2111 virum
768 2073 978 2111 traducere
999 2073 1162 2118 eumba3

322 2157 401 2197 260
