1534 2470
144 905 214 940 138

468 185 630 228 TITUS
660 188 973 231 PETRONIUS
1001 191 1240 232 ARBITER

245 269 516 305 coniecturam
534 260 737 307 ducebat.1
784 270 870 308 Nec
885 284 950 309 me
965 271 1130 310 fallebat
1145 275 1284 311 inanes
1297 272 1451 312 scilicet

244 343 292 368 ac
324 333 410 369 sine
446 331 624 370 medulla
661 338 845 372 ventosas
882 347 1006 373 nuces
1042 338 1085 373 in
1122 349 1276 375 summo
1313 349 1450 375 umore

246 397 476 442 consistere,
501 408 642 442 graves
672 402 809 435 autem
837 402 880 435 et
906 398 1044 445 plenas
1063 401 1222 447 integro
1247 399 1380 438 fructu
1399 399 1450 438 ad

244 460 324 495 ima
342 457 491 496 deferri
510 487 520 497 .
542 488 551 497 .

302 521 471 560 Recluso
489 528 652 569 pectore
673 527 846 562 extraxit
865 524 1122 564 fartissimum

244 584 343 622 mihi
363 585 498 623 futura
516 586 726 633 praedixit.

300 648 441 694 Immo,
455 662 507 686 ne
528 650 635 696 quod
655 653 868 697 vestigium
888 651 1048 690 sceleris
1063 658 1302 700 superesset,
1316 658 1449 692 totum

244 725 427 750 anserem
454 712 674 751 laceratum
693 715 864 752 verubus
891 715 1056 753 confixit
1083 715 1299 763 epulasque
1326 719 1448 755 etiam

244 775 372 813 lautas
388 776 506 822 paulo
520 781 628 823 ante,
645 782 692 815 ut
707 780 791 824 ipsa
806 777 980 825 dicebat,
995 781 1172 825 perituro
1186 782 1349 826 paravit.
1371 807 1382 818 .
1403 807 1414 819 .
1434 807 1446 818 .

298 839 498 876 Volabant
517 842 623 877 inter
642 840 741 878 haec
761 844 944 888 potiones
963 855 1143 880 meracae
1163 872 1171 879 .
1195 872 1203 879 .
1227 872 1235 880 .

300 901 458 940 Profert
484 902 698 940 Oenothea
717 908 916 942 scorteum
940 904 1147 951 fascinum,
1168 905 1275 952 quod
1294 910 1341 944 ut
1358 905 1448 944 oleo

244 970 288 1004 et
323 968 480 1003 minuto
518 969 656 1013 pipere
693 971 816 1013 atque
853 970 1005 1006 urticae
1042 971 1139 1006 trito
1183 969 1449 1008 circumdedit

243 1031 410 1076 semine,
430 1029 622 1076 paulatim
642 1033 775 1076 coepit
794 1033 969 1069 inserere
988 1044 1065 1069 ano
1083 1045 1184 1070 meo.
1208 1061 1216 1069 .
1240 1061 1248 1069 .
1271 1061 1280 1069 .

298 1093 391 1130 Hoc
405 1093 676 1131 crudelissima
689 1106 788 1131 anus
802 1097 953 1141 spargit
964 1095 1133 1133 subinde
1148 1108 1285 1133 umore
1297 1095 1447 1133 femina

241 1169 332 1194 mea
351 1185 359 1193 .
382 1184 390 1193 .
414 1185 423 1193 .

296 1214 497 1252 Nasturcii
521 1228 660 1253 sucum
680 1229 771 1253 cum
796 1215 1018 1254 habrotono
1036 1218 1179 1254 miscet
1196 1216 1445 1263 perfusisque

241 1274 472 1320 inguinibus
497 1276 596 1312 meis
622 1274 756 1312 viridis
786 1276 936 1312 urticae
965 1274 1113 1312 fascem
1139 1275 1445 1322 comprehendit

240 1335 453 1379 omniaque
465 1332 569 1370 infra
581 1333 812 1370 umbilicum
824 1336 957 1380 coepit
968 1333 1079 1371 lenta
1086 1347 1206 1371 manu
1215 1334 1381 1372 caedere
1391 1363 1399 1371 .
1411 1363 1420 1372 .
1430 1363 1439 1372 .

295 1391 490 1429 Aniculae
511 1394 689 1438 quamvis
715 1391 868 1429 solutae
887 1405 998 1429 mero
1025 1405 1071 1430 ac
1099 1391 1265 1430 libidine
1294 1398 1442 1439 essent,

241 1450 412 1487 eandem
431 1453 534 1487 viam
554 1455 717 1488 tentant
732 1455 775 1488 et
790 1463 861 1496 per
879 1450 1031 1497 aliquot
1046 1453 1150 1488 vicos
1165 1455 1326 1489 secutae
1338 1451 1442 1498 fugi-

240 1514 378 1547 entem
394 1500 419 1517 “
429 1509 585 1547 Prende
601 1509 730 1546 furem
740 1509 762 1522 ’¹
781 1509 964 1546 clamant.
983 1509 1100 1547 Evasi
1110 1514 1248 1547 tamen
1259 1510 1442 1548 omnibus

239 1568 376 1614 digitis
395 1570 502 1605 inter
521 1570 782 1615 praecipitem
801 1568 1013 1605 decursum
1032 1571 1249 1606 cruentatis
1270 1597 1277 1605 .
1301 1597 1309 1605 .
1332 1597 1341 1605 .

294 1617 320 1634 “
328 1626 500 1674 Chrysis,
521 1640 622 1673 quae
642 1630 814 1673 priorem
829 1626 1030 1664 fortunam
1045 1631 1156 1664 tuam
1170 1627 1322 1674 oderat,
1337 1626 1441 1665 hanc

238 1685 302 1724 vel
322 1699 413 1723 cum
433 1686 609 1732 periculo
629 1688 769 1732 capitis
789 1688 974 1732 persequi
993 1685 1201 1723 destinat”
1223 1715 1231 1723 .
1256 1715 1263 1723 .
1287 1715 1295 1723 .

293 1735 436 1791 “Quid
462 1744 554 1781 huic
581 1744 731 1782 formae
759 1749 829 1781 aut
858 1743 1034 1781 Ariadne
1063 1743 1203 1781 habuit
1230 1749 1300 1782 aut
1329 1743 1439 1782 Leda

236 1803 390 1842 simile?
419 1802 528 1849 Quid
548 1808 686 1840 contra
705 1802 807 1840 hanc
825 1802 999 1849 Helene,
1016 1803 1112 1849 quid
1127 1803 1262 1841 Venus
1279 1804 1440 1850 posset?

238 1861 328 1909 Ipse
343 1861 465 1908 Paris,
476 1861 641 1899 dearum
651 1854 917 1907 litigantium³
930 1861 1063 1907 iudex,
1071 1863 1101 1899 si
1115 1861 1218 1899 hanc
1229 1864 1272 1899 in
1282 1875 1438 1908 compa-

1123 518 1140 577 ?
1158 529 1268 564 iecur
1285 531 1330 565 et
1353 526 1450 566 inde

278 1969 292 1989 ¹
302 1969 370 2001 hoe
389 1969 554 2002 Goldast:
575 1970 644 2001 hac
866 1968 1106 2001 coniecturam
1123 1968 1277 2001 ducebat
1291 1969 1414 2001 Dousa
1424 1977 1440 2001 .·

234 2013 440 2047 coniectura
455 2013 608 2044 dicebat.

278 2056 534 2088 ²fartissimum
550 2055 748 2087 Heinsius:
771 2054 1014 2088 fortissimum.

275 2098 516 2142 ⁸litigantium
531 2099 654 2131 Dousa
664 2109 678 2130 .·
700 2097 971 2130 libidinantium.

343 2154 423 2186 312
