1534 2470
122 1345 173 1384 63

423 208 578 248 i'ITUS
609 210 921 249 PETRONIUS
950 210 1187 248 ARBITER

195 289 330 327 villam
357 293 508 328 amicae
536 303 649 328 meae
678 293 940 337 pervenirem.
1001 282 1218 329 Ut'larua1
1241 293 1398 338 intravi,

196 361 324 395 paene
343 351 516 386 animam
536 348 711 395 ebullivi,
732 348 851 387 sudor
869 349 967 386 mihi
987 362 1059 396 per
1077 349 1275 386 bifurcum
1293 348 1399 386 vola-

197 408 278 453 bat,
299 406 403 444 oculi
421 410 582 454 mortui,
602 410 667 444 vix
686 421 862 453 unquam
881 407 1056 445 refectus
1081 420 1179 445 sum.
1238 407 1401 445 Melissa

197 479 287 503 mea
315 468 448 503 mirari
474 469 620 512 coepit,
641 465 747 512 quod
773 471 857 503 tam
883 479 971 504 sero
996 465 1254 512 ambularem,
1274 471 1318 504 et
1337 455 1399 503 ‘Si

197 525 310 562 ante'
333 527 465 571 inquit
486 515 691 571 ‘venisses,
713 524 856 562 saltem
879 525 992 562 nobis
1011 524 1250 570 adiutasses3
1281 524 1399 572 lupus

198 586 305 621 enim
321 583 454 620 villam
470 586 634 620 intravit
649 588 691 621 et
706 586 838 620 omnia
853 596 996 630 pecora
1010 583 1193 630 perculit,
1209 588 1399 630 tanquam

197 642 325 679 lanius
339 644 575 687 sanguinem
590 641 667 679 illis
681 644 799 679 misit.
859 642 946 679 Nec
960 646 1097 679 tamen
1111 641 1262 688 derisit,
1278 644 1399 679 etiam

198 704 230 739 si
249 700 375 747 fugit;
404 713 538 738 servus
559 703 666 738 enim
685 705 822 738 noster
840 700 979 737 lancea
1002 700 1148 737 collum
1175 703 1259 737 eius
1280 703 1399 738 traie-

199 760 278 797 cit.’
350 759 466 796 Haec
498 764 546 797 ut
578 759 723 805 audivi,
757 762 912 805 operire
946 758 1080 796 oculos
1113 759 1282 805 amplius
1318 771 1399 796 non

199 820 324 865 potui,
345 817 416 856 sed
436 818 526 855 luce
546 817 650 854 clara
671 818 746 854 Gai
765 820 890 855 nostri
910 817 1073 854 domum
1098 816 1185 863 fugi
1210 822 1400 863 tanquam

199 890 298 923 copo
318 876 566 923 compilatus,
587 881 630 914 et
648 881 857 922 postquam
877 878 969 913 veni
988 878 1031 912 in
1056 875 1170 912 illum
1194 875 1338 921 locum,
1358 878 1400 912 in

199 948 278 981 quo
303 935 461 981 lapidea
486 937 727 972 vestimenta
753 939 868 971 erant
894 933 1011 979 facta,
1038 933 1139 970 nihil
1165 936 1300 970 inveni
1324 936 1401 971 nisi

200 996 445 1039 sanguinem.
507 993 565 1030 Ut
584 1005 676 1030 vero
692 992 854 1029 domum
870 995 974 1038 veni,
990 992 1146 1029 iacebat
1160 991 1274 1029 miles
1287 1004 1399 1029 meus

200 1055 242 1090 in
261 1052 367 1090 lecto
386 1057 578 1098 tanquam
597 1052 720 1097 bovis,
741 1056 784 1088 et
802 1051 949 1088 collum
968 1050 1073 1087 illius
1092 1050 1270 1087 medicus
1289 1063 1400 1087 cura·

201 1112 280 1148 bat.
354 1110 542 1148 Intellexi
580 1109 693 1146 illum
726 1109 978 1155 versipellem
1016 1121 1116 1154 esse,
1149 1121 1225 1146 nec
1261 1113 1398 1155 postea

201 1183 292 1206 cum
317 1169 386 1206 illo
411 1181 557 1215 panem
583 1173 744 1214 gustare
771 1170 895 1214 potui,
922 1180 1004 1204 non
1029 1169 1061 1204 si
1086 1180 1152 1204 me
1178 1166 1397 1205 occidisses.

202 1228 388 1265 Viderint
406 1227 472 1264 alii
487 1226 583 1273 quid
599 1227 650 1264 de
665 1226 740 1263 hoc
756 1229 1028 1272 exopinissent
1037 1237 1047 1270 ;
1077 1238 1152 1271 ego
1168 1228 1200 1262 si
1214 1227 1398 1269 mentior,

201 1289 341 1333 genios
360 1291 511 1323 vestros
529 1288 650 1322 iratos
668 1284 875 1321 habeam.”

258 1346 456 1383 Attonitis
475 1345 736 1382 admiratione
750 1345 941 1380 universis
956 1334 1137 1380 “Salvo''
1155 1345 1286 1388 inquit
1297 1332 1402 1379 “tuo

202 1404 416 1442 sermone”
452 1403 691 1440 Trimalchio
718 1393 784 1439 “si
815 1415 891 1448 qua
917 1401 1015 1439 fides
1041 1406 1114 1447 est,
1135 1406 1182 1438 ut
1206 1401 1304 1438 mihi
1330 1401 1398 1447 pili

202 1463 499 1508 inhorruerunt,
520 1465 612 1508 quia
631 1464 711 1499 scio
731 1461 973 1498 Niceronem
987 1459 1088 1496 nihil
1102 1472 1298 1505 nugarum
1311 1472 1400 1495 nar-

203 1535 310 1560 rare:
339 1525 460 1558 immo
480 1526 612 1558 certus
633 1525 694 1557 est
714 1525 757 1557 et
775 1522 939 1556 minime
962 1519 1175 1564 linguosus.
1235 1517 1339 1554 Nam
1359 1522 1401 1555 et

202 1585 288 1628 ipse
311 1581 421 1618 vobis
444 1593 530 1617 rem
552 1579 783 1616 horribilem
806 1578 992 1614 narrabo:
1020 1579 1152 1614 asinus
1175 1578 1217 1613 in
1239 1575 1397 1621 tegulis.

203 1641 303 1678 Cum
321 1639 452 1676 adhuc
467 1638 674 1684 capillatus
691 1650 830 1682 essem,
847 1649 939 1672 nam
954 1649 977 1672 a
990 1647 1114 1681 puero
1128 1637 1250 1671 vitam
1263 1634 1400 1671 Chiam

203 1701 321 1746 gessi,
356 1700 487 1745 ipsimi
526 1689 675 1733 nostri2
709 1695 903 1732 delicatus
941 1694 1125 1738 decessit,
1151 1692 1401 1729 mehercules

201 1760 472 1804 margaritum,
506 1747 697 1792 zacritus³
733 1759 776 1791 et
813 1755 990 1790 omnium
1027 1764 1247 1788 numerum.
1301 1750 1399 1787 Cum

203 1830 299 1862 ergo
319 1816 432 1852 illum
455 1819 584 1852 mater
606 1813 760 1850 misella
779 1812 990 1858 plangeret
1010 1815 1053 1848 et
1071 1823 1142 1847 nos
1162 1815 1249 1846 tum
1267 1809 1400 1855 plures

202 1879 245 1913 in
263 1876 504 1912 tristimonio
524 1884 711 1917 essemus,
732 1871 863 1907 subito
883 1872 1029 1915 strigae
1050 1862 1241 1905 stridere4
1260 1879 1400 1912 coepe-

247 1938 258 1958 ¹
272 1944 310 1970 ut
326 1940 429 1969 larua
444 1936 654 1969 Buecheler:
677 1935 711 1966 in
727 1936 877 1966 larvam.

245 1981 385 2023 ²ipsimi
402 1980 515 2012 nostri
531 1978 740 2012 Buecheler:
763 1978 845 2019 ipim
863 1977 998 2008 mostri.

246 2024 425 2056 ³zacritus
450 2022 626 2056 Roensclz:
652 2021 820 2053 caecitus.
875 2021 905 2051 A
932 2019 1041 2050 Latin
1066 2017 1257 2057 rendering
1275 2016 1320 2057 qf
1345 2014 1403 2046 the

204 2069 311 2101 Greek
327 2068 492 2107 διάκριτος,
511 2066 686 2097 excellent.
740 2064 791 2105 Cf.
812 2066 908 2094 notes
923 2074 966 2094 on
983 2073 1009 2094 c.
1029 2070 1081 2103 37.

249 2110 263 2129 ⁴
274 2110 425 2143 stridere
442 2109 559 2141 added
571 2109 614 2149 hy
621 2107 759 2148 Jacobs.

315 2160 391 2198 116
