1534 2470
161 1191 234 1226 130

488 198 650 237 TITUS
681 197 993 238 PETRONIUS
1022 199 1263 238 ARBITER

267 277 377 325 Quid
405 291 502 325 ergo
530 279 617 317 est?
665 278 799 317 Etiam
830 282 866 318 si
901 292 1064 326 gravem
1100 283 1285 319 iniuriam
1321 284 1470 329 accepi,

266 345 419 383 homini
455 350 594 383 tamen
630 348 775 384 misero
812 359 895 384 non
931 346 1092 385 invideo
1128 347 1380 386 medicinam.
1428 348 1470 388 Si

266 415 324 451 vis
339 426 456 451 sanus
472 426 572 460 esse,
586 413 777 451 Gitonem
789 426 894 459 roga.
933 413 1128 461 Recipies,
1140 416 1315 462 inquam,
1329 428 1470 454 nervos

265 485 369 527 tuos,
384 483 416 518 si
435 480 569 518 triduo
588 483 673 518 sine
693 480 816 519 fratre
831 481 1047 519 dormieris.
1086 481 1191 519 Nam
1210 482 1317 529 quod
1334 482 1387 521 ad
1403 496 1470 522 me

265 551 427 595 attinet,
448 561 530 586 non
555 551 694 594 timeo,
713 561 765 586 ne
787 551 874 595 quis
897 551 1124 586 inveniatur
1146 551 1211 587 cui
1231 552 1363 588 minus
1385 550 1469 597 pla-

265 628 389 653 ceam.
435 615 522 653 Nec
542 615 749 662 speculum
768 615 868 652 mihi
886 628 962 653 nec
981 615 1087 653 fama
1105 619 1312 654 mentitur.
1357 616 1470 663 Vale,

264 681 298 718 si
317 679 471 726 potes.”

322 742 381 781 Ut
394 742 598 780 intellexit
612 741 771 788 Chrysis
783 742 1000 789 perlegisse
1011 755 1077 780 me
1092 747 1224 781 totum
1235 746 1470 792 convicium,

265 796 292 815 “
300 806 472 845 Solent’'
494 808 627 853 inquit
647 796 779 844 “haec
799 806 897 853 fieri,
918 811 961 844 et
983 809 1197 853 praecipue
1220 809 1263 844 in
1281 806 1356 845 hac
1375 809 1469 845 civi-

264 875 363 916 tate,
379 872 422 907 in
436 882 514 916 qua
528 869 715 906 mulieres
728 872 850 906 etiam
862 869 998 906 lunam
1010 869 1218 907 deducunt
1238 899 1246 907 .
1270 900 1278 908 .
1301 899 1310 908 .
1331 873 1468 918 itaque

264 933 381 971 huius
397 945 554 979 quoque
574 935 632 970 rei
652 945 745 969 cura
763 937 916 978 agetur.
951 932 1136 970 Rescribe
1151 933 1271 971 modo
1285 933 1468 972 blandius

264 996 449 1034 dominae
464 999 721 1042 animumque
737 998 821 1033 eius
837 995 1006 1033 candida
1020 995 1271 1034 humanitate
1285 999 1463 1035 restitue.

264 1060 415 1098 Verum
435 1062 542 1098 enim
562 1059 772 1096 fatendum
796 1064 878 1096 est:
908 1072 957 1096 ex
978 1072 1056 1105 qua
1078 1058 1175 1096 hora
1196 1062 1379 1097 iniuriam
1401 1073 1466 1098 ac-

264 1127 386 1170 cepit,
405 1123 512 1170 apud
535 1136 578 1160 se
601 1135 683 1160 non
707 1122 807 1160 est.”
853 1122 1047 1160 Libenter
1070 1122 1233 1168 quidem
1259 1125 1371 1170 parui
1396 1137 1466 1161 an-

264 1187 378 1225 cillae
406 1187 605 1232 verbaque
635 1185 825 1223 codicillis
857 1185 953 1222 talia
981 1188 1167 1232 imposui:
1213 1176 1465 1233 “Polyaenos

264 1251 399 1289 Circae
425 1250 605 1288 salutem.
650 1249 794 1286 Fateor
818 1261 898 1295 me,
918 1248 1090 1295 domina,
1115 1262 1233 1295 saepe
1256 1261 1463 1296 peccasse;

262 1328 356 1352 nam
375 1318 419 1351 et
437 1313 556 1350 homo
576 1326 663 1350 sum
679 1317 721 1350 et
736 1312 867 1349 adhuc
886 1314 1049 1349 iuvenis.
1094 1312 1310 1358 Nunquam
1327 1317 1463 1351 tamen

262 1383 358 1415 ante
373 1377 481 1414 hunc
494 1377 601 1414 diem
617 1389 742 1422 usque
762 1375 814 1413 ad
832 1380 1004 1413 mortem
1018 1374 1179 1421 deliqui.
1217 1376 1356 1414 Habes
1371 1389 1464 1414 con-

263 1441 448 1479 fitentem
462 1453 595 1477 reum:
620 1439 810 1485 quicquid
825 1441 997 1485 iusseris,
1011 1440 1149 1476 merui.
1193 1438 1463 1477 Proditionem

261 1502 354 1549 feci,
376 1501 581 1540 hominem
604 1499 743 1546 occidi,
767 1499 965 1546 templum
988 1499 1149 1536 violavi:
1181 1501 1224 1536 in
1246 1499 1346 1537 haec
1368 1499 1462 1537 faci-

261 1579 358 1603 nora
377 1577 523 1611 quaere
545 1563 791 1610 supplicium.
852 1562 943 1601 Sive
973 1562 1155 1600 occidere
1182 1562 1329 1609 placet,
1358 1562 1463 1601 ferro

261 1642 352 1667 meo
374 1630 505 1674 venio,
529 1630 611 1665 sive
637 1627 866 1664 verberibus
893 1630 1085 1663 contenta
1111 1638 1166 1672 es,
1193 1638 1307 1663 curro
1331 1625 1462 1664 nudus

261 1692 313 1730 ad
337 1691 548 1729 dominam.
601 1689 707 1727 Illud
730 1702 854 1727 unum
877 1693 1096 1735 memento,
1115 1701 1196 1726 non
1219 1701 1285 1726 me
1308 1688 1380 1727 sed
1401 1692 1461 1726 in-

261 1760 486 1794 strumenta
504 1766 699 1800 peccasse.
761 1753 924 1790 Paratus
943 1752 1057 1789 miles
1081 1765 1190 1789 arma
1217 1765 1299 1789 non
1326 1751 1458 1791 habui.

261 1819 361 1866 Quis
372 1818 448 1855 hoc
463 1818 695 1862 turbaverit,
708 1819 852 1853 nescio.
886 1816 1066 1853 Forsitan
1077 1818 1231 1853 animus
1245 1819 1461 1855 antecessit

261 1883 432 1928 corporis
451 1893 616 1925 moram,
636 1878 801 1916 forsitan
821 1878 917 1915 dum
936 1881 1069 1915 omnia
1087 1880 1335 1924 concupisco,
1349 1878 1459 1916 volu-

261 1950 416 1993 ptatem
436 1948 618 1988 tempore
639 1944 875 1988 consumpsi.
932 1941 1025 1978 Non
1044 1943 1216 1986 invenio,
1236 1940 1343 1987 quod
1368 1940 1455 1979 feci.

262 2007 463 2054 Paralysin
481 2011 618 2043 tamen
634 2017 772 2041 cavere
787 2005 899 2042 iubes
915 2017 925 2036 ι
951 2008 1142 2050 tanquam
1157 1995 1220 2041 eal
1233 2006 1356 2041 maior
1374 2003 1455 2042 fieri

644 2091 657 2111 ¹
667 2102 711 2124 ea
725 2092 938 2123 Buecheler:
960 2092 1040 2124 iam.

370 2159 447 2195 288
