1500 2470
402 200 564 238 TITUS
596 200 907 239 PETRONIUS
937 200 1177 238 ARBITER

235 280 395 317 Ancilla
423 294 525 327 quae
556 280 709 327 Psyche
735 281 963 328 vocabatur,
981 280 1195 319 lodiculam
1218 284 1260 318 in
1279 283 1384 327 pavi-

181 348 319 381 mento
339 343 557 390 diligenter
576 344 762 382 extendit
781 373 789 381 .
813 373 821 382 .
845 373 852 381 .
877 373 884 382 .

237 407 474 445 Sollicitavit
507 409 671 454 inguina
703 421 793 445 mea
825 407 935 445 mille
973 410 1052 445 iam
1089 408 1282 446 mortibus
1319 407 1388 445 fri-

181 470 276 516 gida
296 500 303 507 .
327 499 335 507 .
359 499 367 508 .
391 499 399 508 .

238 535 464 581 Operuerat
484 534 670 581 Ascyltos
689 535 809 582 pallio
833 540 966 582 caput,
986 535 1213 572 admonitus
1236 535 1390 573 scilicet

183 598 448 644 periculosum
469 611 554 636 esse
574 599 714 636 alienis
733 601 978 637 intervenire
997 602 1161 636 secretis
1181 628 1189 636 .
1213 627 1221 636 .
1245 628 1253 636 .
1276 627 1284 636 .

240 661 349 699 Duas
364 665 521 700 institas
535 662 679 699 ancilla
694 662 861 709 protulit
875 662 927 700 de
942 665 1031 700 sinu
1045 662 1250 709 alteraque
1264 661 1389 709 pedes

183 730 339 763 nostros
358 725 550 772 alligavit,
570 725 697 763 altera
716 739 855 763 manus
877 755 884 763 .
909 755 916 763 .
940 755 948 763 .
971 755 979 763 .

239 788 425 835 Ascyltos
445 791 524 826 iam
544 789 758 826 deficiente
774 789 997 826 fabularum
1012 793 1205 827 contextu
1221 779 1246 797 “
1255 787 1388 835 Quid?

185 865 261 899 ego
270 845 311 868 ”¹
324 855 456 898 inquit
470 843 584 889 “non
597 866 684 890 sum
697 852 842 898 dignus
851 855 918 899 qui
931 853 1064 890 bibam
1074 853 1089 889 ?
1099 853 1121 866 ”
1143 851 1388 889 Ancillarisu

184 928 275 952 meo
290 914 448 962 prodita
464 915 674 961 complosit
688 929 828 953 manus
844 921 887 953 et
902 906 1116 962 “Apposui
1131 915 1295 962 quidem
1315 944 1322 952 .
1347 943 1354 951 .
1378 943 1386 952 .

185 978 432 1025 adulescens,
468 979 572 1016 solus
606 984 766 1016 tantum
798 979 1138 1016 medicamentum
1171 978 1388 1016 ebibisti?”

186 1033 337 1080 “Itane
358 1042 475 1080 est?”
507 1045 639 1088 inquit
666 1042 864 1089 Quartilla
884 1033 1106 1088 “quicquid
1126 1044 1274 1079 saturei
1300 1040 1390 1087 fuit,

187 1105 403 1152 Encolpius
424 1106 607 1143 ebibit?'’
626 1135 634 1144 .
658 1135 665 1143 .
690 1135 697 1143 .
721 1135 729 1143 .

242 1169 334 1206 Non
354 1169 559 1206 indecenti
579 1171 659 1206 risu
678 1169 805 1206 latera
824 1172 1037 1206 commovit
1057 1198 1064 1205 .
1089 1198 1095 1205 .
1121 1198 1127 1206 .
1153 1198 1160 1205 .

102 1232 169 1270 LO
242 1223 247 1278 Ι
280 1232 341 1269 Ac
360 1245 412 1269 ne
434 1233 558 1270 Giton
582 1232 744 1278 quidem
771 1232 913 1269 ultimo
939 1235 1060 1269 risum
1087 1234 1231 1277 tenuit,
1251 1234 1390 1277 utique

187 1300 398 1342 postquam
417 1295 651 1342 virguncula
671 1298 866 1333 cervicem
887 1298 970 1333 eius
993 1298 1138 1332 invasit
1161 1299 1204 1332 et
1225 1307 1307 1332 non
1329 1307 1391 1331 re-

188 1361 385 1405 pugnanti
404 1372 528 1405 puero
547 1359 852 1396 innumerabilia
871 1358 1004 1396 oscula
1023 1358 1138 1396 dedit
1158 1387 1165 1394 .
1190 1387 1197 1395 .
1221 1387 1229 1395 .
1253 1387 1262 1395 .

99 1422 194 1459 21L
249 1413 254 1467 Ι
287 1422 528 1459 Volebamus
555 1425 688 1459 miseri
716 1422 951 1468 exclamare,
979 1421 1050 1459 sed
1076 1434 1152 1458 nec
1178 1424 1221 1458 in
1247 1420 1393 1458 auxilio

189 1491 276 1523 erat
295 1489 515 1532 quisquam,
536 1491 579 1523 et
598 1486 692 1523 hinc
714 1486 866 1532 Psyche
886 1499 959 1523 acu
980 1487 1193 1522 comatoria
1215 1487 1392 1531 cupienti

189 1549 287 1587 mihi
313 1552 495 1587 invocare
523 1549 727 1596 Quiritum
753 1549 873 1587 fidem
899 1548 1022 1586 malas
1045 1548 1264 1595 pungebat,
1283 1547 1392 1585 illinc

188 1612 323 1660 puella
360 1612 561 1659 penicillo,
600 1612 707 1658 quod
749 1617 792 1650 et
833 1615 963 1659 ipsum
1004 1616 1162 1649 satureo
1203 1613 1391 1656 tinxerat,

189 1676 384 1722 Ascylton
403 1676 654 1722 opprimebat
674 1705 681 1713 .
705 1705 712 1712 .
737 1705 743 1712 .
768 1705 775 1712 .

246 1739 400 1777 Ultimo
438 1739 626 1776 cinaedus
665 1743 896 1785 supervenit
945 1742 1100 1784 myrtea
1156 1738 1391 1776 subornatus

189 1811 362 1844 gausapa
381 1798 620 1844 cinguloque
640 1800 864 1835 succinctus
885 1827 892 1834 .
916 1826 923 1833 .
949 1826 955 1834 .
981 1826 987 1834 .

246 1856 369 1893 Modo
403 1859 569 1893 extortis
601 1869 673 1893 nos
708 1855 888 1893 clunibus
923 1855 1080 1901 cecidit,
1119 1854 1238 1892 modo
1275 1855 1391 1892 basiis

190 1915 414 1952 olidissimis
447 1916 683 1960 inquinavit,
717 1913 845 1951 donec
879 1913 1077 1960 Quartilla
1114 1913 1388 1950 balaenaceam

190 1978 334 2011 tenens
354 1975 504 2019 virgam
524 1973 685 2018 alteque
705 1975 906 2010 succincta
924 1975 1038 2010 iussit
1060 1971 1284 2010 infelicibus
1307 1971 1388 2008 dari

189 2045 417 2070 missionem
438 2060 445 2069 .
470 2060 476 2068 .
502 2060 509 2068 .

588 2098 596 2116 ¹
605 2108 678 2139 ego
697 2098 842 2130 Goldast
850 2110 864 2130 .·
886 2109 986 2140 ergo.

301 2155 351 2188 28
