1534 2470
458 202 619 242 TITUS
651 203 961 243 PETRONIUS
990 204 1230 243 ARBITER

237 303 377 328 canem
398 294 575 338 ingentis
594 291 882 339 magnitudinis
897 298 1040 330 catena
1053 294 1178 332 trahit
1192 296 1437 340 instigatque

237 356 279 391 in
299 354 535 402 Eumolpon.
595 355 677 394 Sed
695 355 764 393 ille
791 356 1030 394 candelabro
1055 370 1098 395 se
1123 358 1175 395 ab
1201 360 1309 395 omni
1333 360 1438 404 peri-

237 417 326 455 culo
346 418 583 456 vindicabat.
643 419 886 456 Videbamus
905 433 977 457 nos
1004 423 1137 458 omnia
1162 434 1234 468 per
1259 420 1438 458 foramen

237 481 387 528 valvae,
409 482 516 529 quod
539 482 657 529 paulo
683 487 778 520 ante
804 496 899 520 ansa
925 484 1055 521 ostioli
1081 490 1198 531 rupta
1222 483 1437 531 laxaverat,

239 547 500 595 favebamque
521 562 597 595 ego
617 549 832 596 vapulanti.
894 550 1018 588 Giton
1037 556 1173 589 autem
1191 564 1273 588 non
1292 550 1438 588 oblitus

239 616 530 654 misericordiae
551 629 644 654 suae
664 616 922 654 reserandum
943 630 1028 655 esse
1048 621 1194 656 ostium
1209 631 1438 656 succurren-

238 681 415 729 dumque
448 683 694 729 periclitanti
729 684 928 721 censebat.
989 684 1076 730 Ego
1106 684 1276 722 durante
1308 684 1439 722 adhuc

239 749 443 787 iracundia
465 763 547 787 non
574 752 753 787 continui
779 763 954 797 manum,
974 750 1045 788 sed
1072 756 1191 798 caput
1215 753 1439 789 miserantis

239 819 379 854 stricto
412 822 610 863 acutoque
644 817 811 855 articulo
844 820 1030 864 percussi.
1090 818 1144 856 Et
1175 818 1244 855 ille
1277 817 1440 864 quidem

240 883 338 921 flens
358 883 540 921 consedit
560 886 602 920 in
621 883 738 921 lecto.
799 883 885 930 Ego
907 889 1044 921 autem
1066 884 1242 922 alternos
1265 896 1440 931 oppone-

185 949 221 987 L
241 950 331 987 bam
351 949 536 987 foramini
556 949 690 987 oculos
710 952 931 996 iniuriaque
956 950 1142 997 Eumolpi
1174 941 1179 996 Ι
1211 950 1322 988 velut
1345 963 1440 996 quo-

151 1016 222 1054 LO
241 1015 334 1054 dam
354 1017 442 1054 cibo
469 1029 534 1054 me
560 1016 764 1063 replebam
797 1030 802 1058 ι
834 1016 1214 1063 advocationemque
1240 1029 1441 1053 commen-

187 1554 222 1592 L

160 1691 210 1732 97

241 1083 396 1129 dabam,
437 1096 528 1120 cum
567 1087 798 1129 procurator
835 1083 987 1120 insulae
1035 1083 1225 1129 Bargates
1271 1096 1296 1119 a
1341 1096 1440 1120 cena

240 1153 437 1188 excitatus
462 1164 486 1187 a
509 1149 662 1187 duobus
690 1149 900 1187 lecticariis
927 1152 970 1186 in
997 1150 1171 1187 mediam
1198 1152 1323 1187 rixam
1350 1163 1439 1196 per-

241 1217 388 1262 fertur3
417 1230 511 1254 nam
540 1221 627 1254 erat
653 1219 775 1254 etiam
801 1216 971 1262 pedibus
997 1229 1129 1263 aeger,
1156 1219 1189 1254 is
1217 1222 1263 1254 ut
1287 1217 1439 1254 rabiosa

242 1285 485 1330 barbaraque
504 1296 601 1321 voce
620 1286 663 1320 in
690 1284 818 1321 ebrios
839 1283 1108 1330 fugitivosque
1134 1283 1203 1321 diu
1228 1286 1439 1331 peroravit,

241 1354 456 1399 respiciens
475 1351 527 1388 ad
551 1350 776 1397 Eumolpon
795 1341 853 1388 “o
872 1351 1110 1397 poetarum”
1133 1353 1264 1397 inquit
1284 1341 1440 1388 “diser-

240 1422 406 1465 tissime,
425 1424 471 1456 tu
491 1419 601 1456 eras?
642 1418 696 1455 Et
724 1431 805 1455 non
834 1417 1046 1455 discedunt
1074 1420 1182 1455 ocius
1209 1420 1437 1464 nequissimi

241 1489 344 1524 servi
361 1498 581 1532 manusque
601 1487 811 1522 continent
829 1498 852 1522 a
870 1484 1009 1522 rixa?’'
1031 1514 1040 1522 .
1064 1514 1072 1523 .
1095 1513 1103 1523 .

312 1545 320 1600 ξ
352 1543 688 1590 “Contubernalis
706 1564 797 1588 mea
814 1551 913 1588 mihi
925 1551 1071 1588 fastum
1090 1551 1195 1589 facit.
1237 1550 1300 1589 Ita
1314 1553 1359 1597 si,
1373 1564 1438 1589 me

241 1633 360 1666 amas,
379 1619 550 1657 maledic
568 1618 677 1655 illam
691 1619 881 1664 versibus,
895 1623 942 1655 ut
956 1618 1103 1655 habeat
1117 1618 1340 1665 pudorem”
1363 1647 1372 1656 .
1395 1647 1403 1655 .

298 1687 406 1724 Dum
435 1685 654 1732 Eumolpus
680 1698 771 1722 cum
798 1684 968 1730 Bargate
998 1687 1041 1722 in
1069 1690 1223 1722 secreto
1249 1684 1437 1731 loquitur,

241 1758 366 1792 intrat
397 1753 598 1792 stabulum
635 1765 778 1799 praeco
816 1765 906 1789 cum
944 1765 1056 1789 servo
1092 1751 1251 1798 publico
1283 1751 1437 1798 aliaque

241 1834 337 1860 sane
373 1820 529 1858 modica
567 1819 808 1865 frequentia,
841 1818 1048 1864 facemque
1083 1818 1276 1855 fumosam
1312 1821 1437 1864 magis

241 1901 361 1935 quam
386 1886 561 1924 lucidam
588 1897 775 1931 quassans
802 1884 901 1921 haec
932 1884 1208 1930 proclamavit:
1239 1874 1370 1930 “puer
1394 1887 1435 1921 in

241 1954 384 1992 balneo
396 1952 514 2000 paulo
525 1957 621 1989 ante
635 1952 845 1996 aberravit,
860 1963 1054 1987 annorum
1070 1952 1172 1987 circa
1184 1962 1261 1996 xvx,
1273 1952 1434 1996 crispus,

240 2020 382 2067 mollis,
401 2019 607 2064 formosus,
627 2020 788 2055 nomine
805 2017 938 2054 Giton.
999 2017 1040 2055 Si
1056 2019 1143 2062 quis
1161 2029 1252 2053 eum
1267 2016 1434 2054 reddere

241 2092 312 2125 aut
338 2090 648 2124 commonstrare
675 2084 858 2130 voluerit,
877 2085 1047 2130 accipiet
1075 2095 1256 2120 nummos
1283 2080 1428 2120 mille”

352 2157 430 2195 192
