1534 2470
448 210 610 250 TITUS
641 212 952 252 PETRONIUS
981 214 1220 252 ARBITER

227 303 403 338 corpore,
419 296 467 329 ut
485 294 561 329 ista
576 305 692 330 cocus
707 306 820 331 meus
835 293 886 331 de
906 306 1025 340 porco
1044 293 1152 332 fecit.
1185 295 1278 333 Non
1296 299 1431 342 potest

227 368 314 392 esse
326 358 537 401 pretiosior
550 355 681 393 homo.
714 355 908 403 Volueris‚
921 356 973 395 de
989 357 1106 394 vulva
1125 357 1247 396 faciet
1266 361 1428 405 piscem,

227 418 278 456 de
307 418 419 455 lardo
448 418 694 465 palumbum,
715 419 766 456 de
795 433 920 466 perna
948 425 1160 467 turturem,
1181 421 1232 459 de
1253 421 1430 468 colaepio

226 481 426 528 gallinam.
478 482 532 519 Et
550 481 642 519 ideo
661 485 824 528 ingenio
842 496 933 520 meo
952 486 1182 530 impositum
1201 489 1263 522 est
1282 484 1340 522 illi
1358 498 1428 522 no-

226 558 321 582 men
352 545 634 590 bellissimum;
665 559 758 582 nam
788 545 991 584 Daedalus
1019 552 1192 585 vocatur.
1252 548 1307 586 Et
1337 550 1430 594 quia

227 609 371 645 bonam
391 613 572 645 mentem
594 608 728 654 habet,
750 609 868 646 attuli
888 609 947 646 illi
975 610 1099 647 Roma
1117 623 1261 648 munus
1281 610 1428 648 cultros

228 672 372 708 Norico
392 671 535 709 ferro.''
580 671 689 717 Quos
710 675 846 709 statim
866 675 980 710 iussit
999 672 1128 710 afferri
1147 676 1427 720 inspectosque

225 737 390 772 miratus
411 739 482 772 est.
527 735 660 772 Etiam
680 735 794 772 nobis
814 740 1058 781 potestatem
1078 735 1188 783 fecit,
1208 741 1255 774 ut
1273 749 1426 774 mucro-

226 811 319 835 nem
339 797 390 834 ad
410 798 575 835 buccam
594 798 860 844 probaremus.

280 861 421 898 Subito
452 863 702 898 intraverunt
733 861 812 898 duo
842 864 957 908 servi,
984 867 1174 908 tanquam
1206 865 1274 909 qui
1302 865 1424 900 rixam

223 924 274 961 ad
294 924 423 961 lacum
451 923 641 961 fecissent
651 936 660 968 ;
690 929 799 962 certe
831 927 873 961 in
904 918 1028 962 collo1
1059 925 1190 963 adhuc
1218 925 1426 972 amphoras

224 987 436 1024 habebant.
485 987 583 1024 Cum
613 1000 709 1033 ergo
733 987 972 1025 Trimalchio
1000 991 1060 1025 ius
1088 991 1195 1026 inter
1220 988 1425 1034 litigantes

223 1051 389 1094 diceret,
405 1055 550 1087 neuter
570 1053 813 1087 sententiam
833 1051 928 1087 tulit
947 1051 1214 1097 decernentis,
1235 1051 1306 1088 sed
1324 1051 1424 1089 alte-

223 1117 302 1151 rius
322 1113 553 1160 amphoram
573 1113 679 1150 fuste
699 1116 905 1159 percussit.
949 1114 1203 1151 Consternati
1229 1127 1300 1152 nos
1319 1117 1423 1152 inso-

222 1178 348 1215 lentia
381 1177 579 1214 ebriorum
613 1179 899 1213 intentavimus
933 1176 1067 1214 oculos
1102 1180 1144 1214 in
1180 1177 1421 1224 proeliantes

222 1242 526 1285 notavimusque
555 1244 687 1276 ostrea
716 1242 977 1285 pectinesque
1007 1253 1029 1277 e
1059 1243 1202 1286 gastris
1232 1240 1420 1287 labentia,

222 1316 324 1351 quae
356 1302 524 1340 collecta
555 1315 655 1348 puer
683 1302 797 1339 lance
825 1303 1078 1340 circumtulit.
1130 1303 1217 1341 Has
1246 1303 1416 1342 lautitias

221 1369 406 1413 aequavit
424 1368 653 1411 ingeniosus
669 1378 807 1409 cocus;
836 1368 878 1402 in
898 1366 1086 1403 craticula
1105 1369 1212 1403 enim
1231 1372 1422 1412 argentea

222 1430 403 1468 cochleas
415 1429 553 1466 attulit
566 1434 609 1466 et
620 1428 792 1465 tremula
807 1431 1115 1475 taeterrimaque
1124 1442 1219 1466 voce
1233 1432 1417 1468 cantavit.

276 1493 407 1530 Pudet
435 1492 597 1538 referre,
619 1505 719 1537 quae
747 1496 955 1529 secuntur:
984 1492 1164 1529 inaudito
1184 1494 1290 1529 enim
1310 1506 1419 1530 more

220 1559 333 1604 pueri
371 1555 547 1602 capillati
584 1554 810 1591 attulerunt
847 1560 1100 1600 unguentum
1141 1557 1183 1591 in
1227 1560 1419 1601 argentea

220 1620 337 1668 pelve
370 1618 574 1665 pedesque
607 1618 927 1654 recumbentium
958 1623 1172 1664 unxerunt,
1203 1631 1294 1655 cum
1322 1623 1417 1656 ante

219 1696 332 1721 crura
361 1682 541 1727 talosque
580 1680 734 1717 corollis
765 1683 993 1717 vinxissent.
1055 1681 1164 1718 Hinc
1195 1694 1244 1718 ex
1275 1681 1415 1719 eodem

220 1750 430 1792 unguento
461 1747 503 1780 in
534 1746 727 1780 vinarium
761 1748 882 1789 atque
913 1743 1116 1781 lucernam
1141 1737 1416 1790 aliquantum2

217 1814 280 1848 est
298 1808 482 1845 infusum.

273 1872 357 1908 Iam
377 1874 564 1916 coeperat
593 1869 811 1906 Fortunata
830 1869 933 1906 velle
953 1869 1108 1915 saltare,
1128 1872 1207 1906 iam
1233 1869 1414 1908 Scintilla

216 1936 466 1981 frequentius
489 1932 707 1979 plaudebat
726 1945 844 1977 quam
870 1932 1118 1979 loquebatur,
1139 1945 1230 1969 cum
1249 1932 1413 1970 Trimal-

215 1998 304 2036 chio
339 1988 603 2034 “Permitto’'
640 1997 772 2040 inquit
805 1985 1070 2041 “Philargyre
1103 2000 1146 2032 et
1180 1995 1302 2041 Cario,
1337 1998 1412 2033 etsi

471 2066 583 2098 1collo
602 2066 798 2097 Heinsius:
821 2067 908 2097 loco.

467 2109 481 2129 ²
492 2111 716 2152 aliquantum
733 2109 928 2141 Heinsius:
950 2109 1135 2150 liquatum.

323 2167 400 2199 134

1515 1978 1523 1988 ’⁸
1514 1933 1522 1957 ⁶*
1532 1904 1534 1906 .
1515 1829 1534 1879 ’,ἥ-,-
