1534 2470
473 195 634 237 TITUS
665 194 976 239 PETRONIUS
1005 198 1241 240 ARBITER
1523 185 1534 221 ¹

1516 231 1534 255 κ

252 269 406 324 ratione
432 286 598 324 vidisset
622 291 706 325 tam
733 287 1007 335 petulantibus
1033 289 1170 337 oculis,
1194 295 1237 328 et
1263 282 1452 328 Helenen
1528 267 1534 276 γ’

252 349 346 399 huie
372 361 560 400 donasset
579 367 623 400 et
642 362 747 401 deas.
797 363 950 402 Saltem
969 367 1002 402 si
1021 368 1323 412 permitteretur
1341 378 1452 410 oscu-

251 436 335 474 lum
373 450 528 484 capere,
567 440 599 475 si
637 437 737 475 illud
775 438 948 476 caeleste
994 452 1040 477 ac
1087 439 1266 478 divinum
1311 445 1452 487 pectus

251 512 441 559 amplecti
507 512 674 550 forsitan
711 513 862 551 rediret
899 513 975 552 hoc
1013 528 1153 562 corpus
1190 515 1242 553 ad
1274 518 1376 554 vires
1409 520 1452 554 et

249 590 530 635 resipiscerent
544 593 678 635 partes
698 589 902 636 veneficio,
923 590 1055 636 credo,
1076 593 1238 637 sopitae.
1279 590 1367 628 Nec
1384 603 1451 629 me

250 663 516 701 contumeliae
550 663 719 701 lassant:
757 664 864 710 quod
901 665 1132 703 verberatus
1164 679 1264 712 sum,
1296 668 1450 711 nescio;

250 738 357 786 quod
377 741 529 776 eiectus
549 752 649 785 sum,
669 739 800 776 lusum
826 744 935 786 puto.
990 740 1113 778 Modo
1138 740 1269 778 redire
1294 742 1337 778 in
1361 754 1450 788 gra-

247 816 347 852 tiam
365 814 515 852 liceat”
538 844 546 852 .
569 844 578 852 .
601 843 609 852 .
1029 801 1031 803 ¹

144 894 219 933 139
303 889 452 927 Torum
490 889 692 937 frequenti
729 893 968 929 tractatione
1006 893 1157 937 vexavi,
1191 893 1334 929 amoris
1370 893 1450 930 mei

249 968 360 1012 quasi
380 965 580 1012 quandam
599 968 815 1012 imaginem
835 995 843 1003 .
867 995 875 1003 .
899 995 907 1003 .
1228 960 1230 962 ¹

273 1031 399 1079 “Non
418 1041 547 1079 solum
565 1054 631 1079 me
650 1054 802 1079 numen
823 1046 866 1079 et
886 1041 1137 1088 implacabile
1157 1041 1285 1079 fatum

301 1119 564 1163 persequitur.
626 1116 736 1154 Prius
758 1116 921 1153 Inachia
940 1116 1172 1163 Tirynthius
1191 1129 1259 1154 ora

301 1194 526 1237 exagitatus
545 1204 644 1229 onus
664 1191 764 1229 caeli
782 1191 889 1238 tulit,
909 1196 1004 1229 ante
1023 1191 1229 1238 profanam

302 1266 531 1304 Laomedon
552 1269 704 1313 gemini
725 1269 883 1304 satiavit
902 1269 1076 1304 numinis
1095 1269 1206 1312 iram,

302 1340 499 1378 Iunonem
520 1341 647 1379 Pelias
667 1343 804 1387 sensit,
824 1341 920 1379 tulit
938 1343 1084 1379 inscius
1102 1354 1211 1378 arma

301 1416 504 1463 Telephus
524 1422 567 1454 et
587 1430 756 1463 regnum
776 1417 959 1463 Neptuni
978 1419 1088 1463 pavit
1107 1416 1252 1454 Vlixes.

303 1491 372 1530 Me
391 1504 550 1538 quoque
569 1504 642 1538 per
660 1496 799 1538 terras,
819 1504 892 1538 per
911 1494 999 1528 cani
1019 1491 1171 1528 Nereos
1190 1492 1338 1537 aequoi·

302 1566 620 1613 Hellespontiaci
641 1570 820 1613 sequitur
837 1569 967 1613 gravis
986 1569 1044 1603 ira
1064 1566 1224 1613 Priapi'’
1247 1595 1255 1603 .
1279 1595 1287 1603 .
1311 1595 1319 1603 .

301 1641 505 1688 Quaerere
541 1654 566 1679 a
604 1641 753 1679 Gitone
790 1654 881 1678 meo
919 1643 1044 1687 coepi,
1076 1654 1174 1678 num
1210 1639 1350 1686 aliquis
1379 1652 1445 1678 me

245 1720 474 1764 quaesisset.
508 1707 703 1754 “Nemo''
725 1718 856 1762 inquit
876 1705 898 1724 ‘⁴
909 1715 1039 1753 hodie.
1071 1715 1152 1753 Sed
1171 1714 1360 1752 hesterno
1380 1715 1445 1752 die

245 1792 388 1830 mulier
407 1792 603 1839 quaedam
621 1791 729 1828 haud
748 1790 899 1828 inculta
913 1793 1071 1827 ianuam
1085 1792 1260 1836 intravit,
1276 1802 1445 1836 cumque

245 1867 314 1905 diu
334 1880 492 1905 mecum
512 1871 618 1904 esset
636 1866 770 1904 locuta
796 1870 839 1903 et
864 1878 929 1903 me
955 1867 1146 1902 accersito
1171 1877 1352 1902 sermone
1371 1863 1446 1901 las-

246 1947 383 1988 sasset,
403 1942 545 1979 ultimo
565 1944 698 1988 coepit
718 1940 864 1986 dicere,
884 1945 927 1977 te
953 1952 1097 1976 noxam
1122 1941 1312 1976 meruisse
1331 1938 1445 1976 datu-

244 2030 411 2064 rumque
432 2017 594 2054 serviles
614 2029 774 2063 poenas,
799 2018 831 2053 si
857 2015 986 2052 laesus
1005 2017 1047 2051 in
1067 2013 1243 2060 querella
1262 2025 1444 2060 perseve-

241 2092 398 2132 rasset''
420 2121 429 2130 .
452 2121 462 2130 .
481 2120 491 2130 .

352 2159 432 2190 314
