1534 2470
151 1299 200 1337 73

457 200 619 242 TITUS
650 200 961 244 PETRONIUS
990 203 1229 244 ARBITER

236 295 308 320 nos
335 285 377 320 in
405 283 524 321 turba
552 284 777 322 exeamus.”
836 285 936 322 Cum
963 285 1063 323 haec
1091 286 1345 333 placuissent,
1365 286 1437 324 du-

237 351 355 384 cente
384 360 457 393 per
484 350 682 393 porticum
714 348 863 386 Gitone
891 349 943 386 ad
971 351 1130 386 ianuam
1157 352 1350 396 venimus,
1370 350 1439 388 ubi

236 413 342 447 canis
362 413 585 448 catenarius
600 416 714 448 tanto
729 425 801 449 nos
813 412 990 449 tumultu
1007 415 1178 459 excepit,
1193 418 1240 451 ut
1254 413 1439 459 Ascyltos

235 476 356 511 etiam
387 476 429 510 in
461 476 653 520 piscinam
685 475 885 513 ceciderit.
945 476 1032 513 Nec
1062 489 1144 513 non
1175 489 1250 522 ego
1280 490 1438 523 quoque

234 537 379 582 ebrius,
400 540 467 583 qui
498 540 620 575 etiam
648 540 802 584 pictum
830 541 1042 576 timueram
1071 552 1223 585 canem,
1244 539 1340 577 dum
1367 553 1436 576 na-

234 603 337 638 tanti
366 613 484 646 opem
513 600 610 647 fero,
640 603 682 638 in
712 601 887 639 eundem
918 605 1121 648 gurgitem
1153 608 1303 640 tractus
1336 616 1433 641 sum.

235 663 415 701 Servavit
443 677 515 702 nos
544 669 682 701 tamen
709 667 905 711 atriensis,
935 668 1003 711 qui
1035 668 1266 703 interventu
1295 679 1365 704 suo
1394 671 1437 704 et

233 740 373 764 canem
402 727 573 774 placavit
602 732 644 765 et
672 741 744 765 nos
772 733 994 766 trementes
1023 731 1195 766 extraxit
1213 731 1255 766 in
1275 732 1431 767 siecum.

233 790 287 827 Et
307 790 432 828 Giton
452 790 615 836 quidem
635 794 713 828 iam
733 791 887 828 dudum
906 804 948 829 se
963 794 1117 829 ratione
1132 795 1359 829 acutissima
1373 805 1434 830 re-

232 853 413 891 demerat
432 867 455 890 a
475 867 573 891 cane
585 867 594 898 ;
623 854 814 900 quicquid
834 857 940 892 enim
960 868 984 891 a
1009 855 1123 892 nobis
1148 860 1358 902 acceperat
1383 855 1434 893 de

233 929 343 962 cena,
356 916 522 954 latranti
542 922 751 963 sparserat,
774 908 849 963 [at]
869 917 937 955 ille
957 923 1142 955 avocatus
1158 919 1246 955 cibo
1261 918 1434 956 furorem

231 985 514 1027 suppresserat.
574 980 763 1018 Ceterum
801 994 891 1017 cum
920 981 1104 1026 algentes
1137 984 1275 1027 utique
1312 985 1434 1028 petis-

231 1056 362 1081 semus
394 1044 445 1080 ab
478 1046 665 1089 atriense,
695 1048 741 1081 ut
774 1057 846 1081 nos
879 1049 991 1081 extra
1024 1046 1182 1081 ianuam
1215 1047 1433 1090 emitteret,

231 1097 258 1114 ‘⁶
273 1107 389 1144 Erras
403 1106 425 1119 ”
446 1109 578 1153 inquit
599 1097 625 1114 “
637 1110 669 1144 si
688 1112 804 1153 putas
824 1111 867 1144 te
888 1109 995 1144 exire
1026 1106 1099 1143 hac
1123 1120 1252 1154 posse,
1270 1120 1348 1153 qua
1366 1120 1432 1144 ve-

230 1172 334 1207 nisti.
385 1170 515 1207 Nemo
534 1183 710 1216 unquam
730 1172 982 1207 convivarum
1001 1182 1072 1216 per
1087 1169 1256 1207 eandem
1274 1173 1429 1208 ianuam

231 1236 395 1270 emissus
415 1238 497 1277 est;
516 1233 592 1269 alia
611 1235 776 1278 intrant,
792 1232 869 1269 alia
883 1232 1071 1270 exeunt.’'
1117 1231 1225 1279 Quid
1244 1233 1431 1271 faciamus

230 1296 411 1334 homines
430 1298 640 1334 miserrimi
661 1301 703 1333 et
722 1299 813 1333 novi
839 1298 998 1342 generis
1023 1295 1251 1341 labyrintho
1276 1296 1430 1342 inclusi,

230 1361 372 1406 quibus
399 1359 521 1396 lavari
548 1362 627 1396 iam
656 1364 842 1406 coeperat
867 1364 1003 1396 votum
1033 1359 1142 1396 esse?
1200 1359 1318 1397 Ultro
1337 1372 1432 1405 ergo

229 1426 465 1469 rogavimus,
493 1427 539 1459 ut
566 1435 638 1460 nos
663 1422 715 1459 ad
745 1422 934 1459 balneum
961 1421 1139 1468 duceret,
1166 1424 1430 1468 proiectisque

230 1489 493 1532 vestimentis,
513 1498 615 1532 quae
637 1485 761 1523 Giton
780 1487 822 1522 in
837 1485 949 1522 aditu
969 1487 1114 1522 siccare
1134 1487 1278 1531 coepit,
1294 1485 1430 1523 balne-

231 1562 297 1587 um
317 1552 563 1594 intravimus,
584 1554 799 1594 angustum
819 1548 972 1586 scilicet
992 1553 1034 1585 et
1054 1551 1249 1585 cisternae
1267 1547 1429 1594 frigida-

231 1615 310 1650 riae
330 1612 470 1657 simile,
491 1615 533 1649 in
553 1625 631 1658 quo
657 1611 897 1648 Trimalchio
923 1616 1056 1649 rectus
1082 1611 1222 1648 stabat.
1282 1610 1343 1648 Ac
1374 1624 1427 1649 ne

229 1678 284 1712 sic
304 1675 466 1722 quidem
487 1675 778 1722 putidissimam
798 1677 882 1712 eius
901 1666 1179 1711 iactationem¹
1198 1673 1312 1711 licuit
1330 1673 1426 1711 effu·

228 1751 344 1784 gere3
372 1751 466 1775 nam
485 1737 584 1775 nihi]
606 1737 748 1776 melius
769 1750 855 1775 esse
875 1737 1035 1774 dicebat
1054 1749 1173 1783 quam
1198 1739 1283 1774 sine
1309 1737 1426 1774 turba

228 1801 360 1846 lavari,
392 1806 435 1838 et
469 1813 517 1838 eo
549 1804 635 1848 ipso
668 1800 755 1838 loco
793 1799 1007 1847 aliquando
1045 1802 1255 1847 pistrinum
1292 1798 1422 1837 fuisse.

228 1863 387 1902 Deinde
417 1868 464 1901 ut
497 1863 663 1901 lassatus
698 1862 893 1909 consedit,
927 1865 1117 1900 invitatus
1157 1862 1290 1900 balnei
1329 1874 1425 1900 sono

227 1926 384 1965 diduxit
403 1939 528 1972 usque
543 1926 595 1963 ad
614 1939 811 1964 cameram
831 1938 873 1964 os
894 1926 1048 1963 ebrium
1068 1930 1111 1963 et
1130 1928 1263 1971 coepit
1283 1924 1423 1963 Mene-

225 1992 342 2027 cratis
361 1992 516 2026 cantica
534 1988 721 2034 lacerare,
741 1991 844 2026 sicut
862 1988 921 2025 illi
940 1988 1140 2034 dicebant,
1161 1990 1229 2034 qui
1247 1989 1422 2032 linguam

411 2098 508 2131 'eius
523 2098 753 2130 iactationem
770 2097 970 2130 Heinsius:
994 2097 1025 2129 ei
1041 2097 1228 2129 actionem.
