<?xml version="1.0" encoding="UTF-8"?>
<!DOCTYPE html PUBLIC "-//W3C//DTD XHTML 1.0 Transitional//EN"
    "http://www.w3.org/TR/xhtml1/DTD/xhtml1-transitional.dtd">
<html xmlns="http://www.w3.org/1999/xhtml" xml:lang="en" lang="en">
 <head>
  <title>
</title>
<meta http-equiv="Content-Type" content="text/html;charset=utf-8" />
  <meta name='ocr-system' content='tesseract 3.04.00' />
  <meta name='ocr-capabilities' content='ocr_page ocr_carea ocr_par ocr_line ocrx_word'/>
</head>
<body>
  <div class='ocr_page' id='page_1' title='image "./petronius00petruoft_0110.png"; bbox 0 0 1500 2470; ppageno 0'>
   <div class='ocr_carea' id='block_1_1' title="bbox 436 208 1211 248">
    <p class='ocr_par' dir='ltr' id='par_1_1' title="bbox 436 208 1211 248">
     <span class='ocr_line' id='line_1_1' title="bbox 436 208 1211 248; baseline 0.001 -3"><span class='ocrx_word' id='word_1_1' title='bbox 436 208 598 247; x_wconf 92' lang='lat' dir='ltr'>TITUS</span> <span class='ocrx_word' id='word_1_2' title='bbox 630 208 942 248; x_wconf 88' lang='lat' dir='ltr'>PETRONIUS</span> <span class='ocrx_word' id='word_1_3' title='bbox 971 208 1211 246; x_wconf 88' lang='lat' dir='ltr'><strong>ARBITER</strong></span> 
     </span>
    </p>
   </div>
   <div class='ocr_carea' id='block_1_2' title="bbox 215 287 1421 1975">
    <p class='ocr_par' dir='ltr' id='par_1_2' title="bbox 215 287 1421 1975">
     <span class='ocr_line' id='line_1_2' title="bbox 216 287 1420 335; baseline 0.002 -11"><span class='ocrx_word' id='word_1_4' title='bbox 216 287 300 325; x_wconf 90' lang='lat' dir='ltr'><strong>lum</strong></span> <span class='ocrx_word' id='word_1_5' title='bbox 326 292 462 325; x_wconf 89' lang='lat' dir='ltr'><strong>vetare</strong></span> <span class='ocrx_word' id='word_1_6' title='bbox 489 300 542 325; x_wconf 91' lang='lat' dir='ltr'><strong>ne</strong></span> <span class='ocrx_word' id='word_1_7' title='bbox 571 287 674 325; x_wconf 89' lang='lat' dir='ltr'><strong>Iovis</strong></span> <span class='ocrx_word' id='word_1_8' title='bbox 701 293 846 335; x_wconf 88' lang='lat' dir='ltr'><strong>potest.</strong></span> <span class='ocrx_word' id='word_1_9' title='bbox 908 288 1041 335; x_wconf 83' lang='lat' dir='ltr'>Rides,</span> <span class='ocrx_word' id='word_1_10' title='bbox 1066 289 1297 335; x_wconf 82' lang='lat' dir='ltr'><strong>Fortunata,</strong></span> <span class='ocrx_word' id='word_1_11' title='bbox 1317 301 1420 335; x_wconf 83' lang='lat' dir='ltr'><strong>quae</strong></span> 
     </span>
     <span class='ocr_line' id='line_1_3' title="bbox 215 350 1418 389; baseline 0.002 -2"><span class='ocrx_word' id='word_1_12' title='bbox 215 350 318 388; x_wconf 92' lang='lat' dir='ltr'><strong>soles</strong></span> <span class='ocrx_word' id='word_1_13' title='bbox 337 363 403 388; x_wconf 90' lang='lat' dir='ltr'><strong>me</strong></span> <span class='ocrx_word' id='word_1_14' title='bbox 423 355 543 388; x_wconf 90' lang='lat' dir='ltr'><strong>nocte</strong></span> <span class='ocrx_word' id='word_1_15' title='bbox 565 350 799 388; x_wconf 83' lang='lat' dir='ltr'>desomnem</span> <span class='ocrx_word' id='word_1_16' title='bbox 819 351 976 389; x_wconf 84' lang='lat' dir='ltr'><strong>facere?</strong></span> <span class='ocrx_word' id='word_1_17' title='bbox 1023 352 1110 389; x_wconf 89' lang='lat' dir='ltr'><strong>Nec</strong></span> <span class='ocrx_word' id='word_1_18' title='bbox 1130 356 1267 389; x_wconf 82' lang='lat' dir='ltr'><strong>tamen</strong></span> <span class='ocrx_word' id='word_1_19' title='bbox 1287 354 1329 389; x_wconf 91' lang='lat' dir='ltr'><strong>in</strong></span> <span class='ocrx_word' id='word_1_20' title='bbox 1348 354 1418 389; x_wconf 85' lang='lat' dir='ltr'><strong>tri-</strong></span> 
     </span>
     <span class='ocr_line' id='line_1_4' title="bbox 215 406 1419 461; baseline 0.002 -11"><span class='ocrx_word' id='word_1_21' title='bbox 215 413 335 451; x_wconf 90' lang='lat' dir='ltr'><strong>clinio</strong></span> <span class='ocrx_word' id='word_1_22' title='bbox 362 413 488 451; x_wconf 93' lang='lat' dir='ltr'><strong>ullum</strong></span> <span class='ocrx_word' id='word_1_23' title='bbox 519 406 662 451; x_wconf 79' lang='lat' dir='ltr'><strong>vetuo¹</strong></span> <span class='ocrx_word' id='word_1_24' title='bbox 690 414 821 452; x_wconf 88' lang='lat' dir='ltr'><strong>facere</strong></span> <span class='ocrx_word' id='word_1_25' title='bbox 848 414 956 461; x_wconf 90' lang='lat' dir='ltr'><strong>quod</strong></span> <span class='ocrx_word' id='word_1_26' title='bbox 979 428 1022 452; x_wconf 92' lang='lat' dir='ltr'><strong>se</strong></span> <span class='ocrx_word' id='word_1_27' title='bbox 1048 417 1172 461; x_wconf 85' lang='lat' dir='ltr'><strong>iuvet,</strong></span> <span class='ocrx_word' id='word_1_28' title='bbox 1203 420 1247 453; x_wconf 92' lang='lat' dir='ltr'><strong>et</strong></span> <span class='ocrx_word' id='word_1_29' title='bbox 1274 415 1419 453; x_wconf 88' lang='lat' dir='ltr'><strong>medici</strong></span> 
     </span>
     <span class='ocr_line' id='line_1_5' title="bbox 215 477 1419 524; baseline 0.001 -10"><span class='ocrx_word' id='word_1_30' title='bbox 215 481 356 515; x_wconf 88' lang='lat' dir='ltr'><strong>vetant</strong></span> <span class='ocrx_word' id='word_1_31' title='bbox 376 480 595 515; x_wconf 85' lang='lat' dir='ltr'><strong>continere.</strong></span> <span class='ocrx_word' id='word_1_32' title='bbox 647 477 722 515; x_wconf 91' lang='lat' dir='ltr'><strong>Vel</strong></span> <span class='ocrx_word' id='word_1_33' title='bbox 742 480 775 515; x_wconf 91' lang='lat' dir='ltr'><strong>si</strong></span> <span class='ocrx_word' id='word_1_34' title='bbox 794 478 891 524; x_wconf 89' lang='lat' dir='ltr'><strong>quid</strong></span> <span class='ocrx_word' id='word_1_35' title='bbox 911 478 999 524; x_wconf 93' lang='lat' dir='ltr'><strong>plus</strong></span> <span class='ocrx_word' id='word_1_36' title='bbox 1019 481 1144 524; x_wconf 90' lang='lat' dir='ltr'><strong>venit,</strong></span> <span class='ocrx_word' id='word_1_37' title='bbox 1165 481 1298 515; x_wconf 82' lang='lat' dir='ltr'><strong>omnia</strong></span> <span class='ocrx_word' id='word_1_38' title='bbox 1316 478 1419 516; x_wconf 88' lang='lat' dir='ltr'><strong>foras</strong></span> 
     </span>
     <span class='ocr_line' id='line_1_6' title="bbox 215 540 1418 587; baseline 0.002 -10"><span class='ocrx_word' id='word_1_39' title='bbox 215 545 352 587; x_wconf 87' lang='lat' dir='ltr'><strong>parata</strong></span> <span class='ocrx_word' id='word_1_40' title='bbox 371 545 485 578; x_wconf 91' lang='lat' dir='ltr'><strong>sunt:</strong></span> <span class='ocrx_word' id='word_1_41' title='bbox 512 553 627 587; x_wconf 89' lang='lat' dir='ltr'><strong>aqua,</strong></span> <span class='ocrx_word' id='word_1_42' title='bbox 639 540 764 578; x_wconf 89' lang='lat' dir='ltr'><strong>lasani</strong></span> <span class='ocrx_word' id='word_1_43' title='bbox 780 546 823 578; x_wconf 89' lang='lat' dir='ltr'><strong>et</strong></span> <span class='ocrx_word' id='word_1_44' title='bbox 843 546 978 579; x_wconf 86' lang='lat' dir='ltr'><strong>cetera</strong></span> <span class='ocrx_word' id='word_1_45' title='bbox 994 541 1211 579; x_wconf 86' lang='lat' dir='ltr'><strong>minutalia.</strong></span> <span class='ocrx_word' id='word_1_46' title='bbox 1256 541 1418 579; x_wconf 85' lang='lat' dir='ltr'><strong>Credite</strong></span> 
     </span>
     <span class='ocr_line' id='line_1_7' title="bbox 215 603 1418 651; baseline 0.002 -11"><span class='ocrx_word' id='word_1_47' title='bbox 215 604 326 650; x_wconf 91' lang='lat' dir='ltr'><strong>mihi,</strong></span> <span class='ocrx_word' id='word_1_48' title='bbox 347 603 630 650; x_wconf 76' lang='lat' dir='ltr'><strong>anathymiasis</strong></span> <span class='ocrx_word' id='word_1_49' title='bbox 657 607 699 641; x_wconf 89' lang='lat' dir='ltr'><strong>in</strong></span> <span class='ocrx_word' id='word_1_50' title='bbox 723 605 932 642; x_wconf 88' lang='lat' dir='ltr'><strong>cerebrum</strong></span> <span class='ocrx_word' id='word_1_51' title='bbox 955 607 988 642; x_wconf 94' lang='lat' dir='ltr'><strong>it</strong></span> <span class='ocrx_word' id='word_1_52' title='bbox 1014 609 1058 642; x_wconf 86' lang='lat' dir='ltr'><strong>et</strong></span> <span class='ocrx_word' id='word_1_53' title='bbox 1083 607 1125 642; x_wconf 89' lang='lat' dir='ltr'><strong>in</strong></span> <span class='ocrx_word' id='word_1_54' title='bbox 1145 609 1232 642; x_wconf 91' lang='lat' dir='ltr'><strong>toto</strong></span> <span class='ocrx_word' id='word_1_55' title='bbox 1255 617 1418 651; x_wconf 90' lang='lat' dir='ltr'><strong>corpore</strong></span> 
     </span>
     <span class='ocr_line' id='line_1_8' title="bbox 215 667 1420 714; baseline 0.002 -10"><span class='ocrx_word' id='word_1_56' title='bbox 215 667 380 704; x_wconf 89' lang='lat' dir='ltr'><strong>fluctum</strong></span> <span class='ocrx_word' id='word_1_57' title='bbox 407 667 513 704; x_wconf 86' lang='lat' dir='ltr'><strong>facit.</strong></span> <span class='ocrx_word' id='word_1_58' title='bbox 574 667 726 704; x_wconf 86' lang='lat' dir='ltr'><strong>Multos</strong></span> <span class='ocrx_word' id='word_1_59' title='bbox 753 670 834 705; x_wconf 86' lang='lat' dir='ltr'><strong>scio</strong></span> <span class='ocrx_word' id='word_1_60' title='bbox 861 670 916 705; x_wconf 90' lang='lat' dir='ltr'><strong>sic</strong></span> <span class='ocrx_word' id='word_1_61' title='bbox 944 670 1121 714; x_wconf 88' lang='lat' dir='ltr'><strong>periisse,</strong></span> <span class='ocrx_word' id='word_1_62' title='bbox 1149 668 1246 705; x_wconf 89' lang='lat' dir='ltr'><strong>dum</strong></span> <span class='ocrx_word' id='word_1_63' title='bbox 1275 668 1420 706; x_wconf 84' lang='lat' dir='ltr'><strong>nolunt</strong></span> 
     </span>
     <span class='ocr_line' id='line_1_9' title="bbox 216 731 1419 777; baseline 0 -9"><span class='ocrx_word' id='word_1_64' title='bbox 216 731 291 768; x_wconf 91' lang='lat' dir='ltr'><strong>sibi</strong></span> <span class='ocrx_word' id='word_1_65' title='bbox 310 744 449 768; x_wconf 89' lang='lat' dir='ltr'><strong>verum</strong></span> <span class='ocrx_word' id='word_1_66' title='bbox 469 731 642 769; x_wconf 89' lang='lat' dir='ltr'><strong>dicere.’&#39;</strong></span> <span class='ocrx_word' id='word_1_67' title='bbox 702 731 859 769; x_wconf 83' lang='lat' dir='ltr'><strong>Gratias</strong></span> <span class='ocrx_word' id='word_1_68' title='bbox 874 734 1028 777; x_wconf 84' lang='lat' dir='ltr'><strong>agimus</strong></span> <span class='ocrx_word' id='word_1_69' title='bbox 1043 731 1273 769; x_wconf 78' lang='lat' dir='ltr'><strong>liberalitati</strong></span> <span class='ocrx_word' id='word_1_70' title='bbox 1287 731 1419 768; x_wconf 92' lang='lat' dir='ltr'><strong>indul-</strong></span> 
     </span>
     <span class='ocr_line' id='line_1_10' title="bbox 215 795 1418 841; baseline 0 -9"><span class='ocrx_word' id='word_1_71' title='bbox 215 797 459 841; x_wconf 86' lang='lat' dir='ltr'><strong>gentiaeque</strong></span> <span class='ocrx_word' id='word_1_72' title='bbox 488 797 585 839; x_wconf 93' lang='lat' dir='ltr'><strong>eius,</strong></span> <span class='ocrx_word' id='word_1_73' title='bbox 607 799 650 831; x_wconf 92' lang='lat' dir='ltr'><strong>et</strong></span> <span class='ocrx_word' id='word_1_74' title='bbox 677 795 847 832; x_wconf 88' lang='lat' dir='ltr'><strong>subinde</strong></span> <span class='ocrx_word' id='word_1_75' title='bbox 875 798 1114 840; x_wconf 87' lang='lat' dir='ltr'><strong>castigamus</strong></span> <span class='ocrx_word' id='word_1_76' title='bbox 1141 795 1288 832; x_wconf 86' lang='lat' dir='ltr'><strong>crebris</strong></span> <span class='ocrx_word' id='word_1_77' title='bbox 1314 796 1418 841; x_wconf 90' lang='lat' dir='ltr'><strong>poti-</strong></span> 
     </span>
     <span class='ocr_line' id='line_1_11' title="bbox 215 857 1421 897; baseline 0.002 -2"><span class='ocrx_word' id='word_1_78' title='bbox 215 857 371 896; x_wconf 89' lang='lat' dir='ltr'><strong>unculis</strong></span> <span class='ocrx_word' id='word_1_79' title='bbox 400 860 532 894; x_wconf 85' lang='lat' dir='ltr'><strong>risum.</strong></span> <span class='ocrx_word' id='word_1_80' title='bbox 594 858 680 895; x_wconf 89' lang='lat' dir='ltr'><strong>Nec</strong></span> <span class='ocrx_word' id='word_1_81' title='bbox 708 858 839 895; x_wconf 87' lang='lat' dir='ltr'><strong>adhuc</strong></span> <span class='ocrx_word' id='word_1_82' title='bbox 869 859 1089 895; x_wconf 87' lang='lat' dir='ltr'><strong>sciebamus</strong></span> <span class='ocrx_word' id='word_1_83' title='bbox 1117 871 1189 895; x_wconf 90' lang='lat' dir='ltr'><strong>nos</strong></span> <span class='ocrx_word' id='word_1_84' title='bbox 1218 861 1261 895; x_wconf 89' lang='lat' dir='ltr'><strong>in</strong></span> <span class='ocrx_word' id='word_1_85' title='bbox 1286 859 1421 897; x_wconf 91' lang='lat' dir='ltr'><strong>medio</strong></span> 
     </span>
     <span class='ocr_line' id='line_1_12' title="bbox 216 914 1419 967; baseline 0.001 -8"><span class='ocrx_word' id='word_1_86' title='bbox 216 921 475 966; x_wconf 88' lang='lat' dir='ltr'><strong>lautitiarum,</strong></span> <span class='ocrx_word' id='word_1_87' title='bbox 507 914 637 967; x_wconf 85' lang='lat' dir='ltr'><strong>quod2</strong></span> <span class='ocrx_word' id='word_1_88' title='bbox 663 923 790 967; x_wconf 90' lang='lat' dir='ltr'><strong>aiunt,</strong></span> <span class='ocrx_word' id='word_1_89' title='bbox 822 921 923 958; x_wconf 88' lang='lat' dir='ltr'><strong>clivo</strong></span> <span class='ocrx_word' id='word_1_90' title='bbox 946 921 1135 959; x_wconf 87' lang='lat' dir='ltr'><strong>laborare.</strong></span> <span class='ocrx_word' id='word_1_91' title='bbox 1194 922 1298 959; x_wconf 90' lang='lat' dir='ltr'><strong>Nam</strong></span> <span class='ocrx_word' id='word_1_92' title='bbox 1328 935 1419 960; x_wconf 92' lang='lat' dir='ltr'><strong>cum</strong></span> 
     </span>
     <span class='ocr_line' id='line_1_13' title="bbox 215 983 1420 1030; baseline 0.001 -8"><span class='ocrx_word' id='word_1_93' title='bbox 215 983 418 1022; x_wconf 91' lang='lat' dir='ltr'><strong>mundatis</strong></span> <span class='ocrx_word' id='word_1_94' title='bbox 437 983 489 1021; x_wconf 90' lang='lat' dir='ltr'><strong>ad</strong></span> <span class='ocrx_word' id='word_1_95' title='bbox 515 983 793 1030; x_wconf 86' lang='lat' dir='ltr'><strong>symphoniam</strong></span> <span class='ocrx_word' id='word_1_96' title='bbox 812 987 959 1022; x_wconf 84' lang='lat' dir='ltr'><strong>mensis</strong></span> <span class='ocrx_word' id='word_1_97' title='bbox 979 989 1060 1022; x_wconf 87' lang='lat' dir='ltr'><strong>tres</strong></span> <span class='ocrx_word' id='word_1_98' title='bbox 1080 984 1160 1021; x_wconf 90' lang='lat' dir='ltr'><strong>albi</strong></span> <span class='ocrx_word' id='word_1_99' title='bbox 1180 997 1270 1022; x_wconf 90' lang='lat' dir='ltr'><strong>sues</strong></span> <span class='ocrx_word' id='word_1_100' title='bbox 1288 987 1331 1023; x_wconf 91' lang='lat' dir='ltr'><strong>in</strong></span> <span class='ocrx_word' id='word_1_101' title='bbox 1349 989 1420 1023; x_wconf 88' lang='lat' dir='ltr'><strong>tri-</strong></span> 
     </span>
     <span class='ocr_line' id='line_1_14' title="bbox 217 1047 1420 1096; baseline 0.002 -12"><span class='ocrx_word' id='word_1_102' title='bbox 217 1047 380 1085; x_wconf 88' lang='lat' dir='ltr'><strong>clinium</strong></span> <span class='ocrx_word' id='word_1_103' title='bbox 406 1047 571 1084; x_wconf 85' lang='lat' dir='ltr'><strong>adducti</strong></span> <span class='ocrx_word' id='word_1_104' title='bbox 602 1052 696 1084; x_wconf 88' lang='lat' dir='ltr'><strong>sunt</strong></span> <span class='ocrx_word' id='word_1_105' title='bbox 722 1050 901 1094; x_wconf 86' lang='lat' dir='ltr'><strong>capistris</strong></span> <span class='ocrx_word' id='word_1_106' title='bbox 930 1052 973 1085; x_wconf 85' lang='lat' dir='ltr'><strong>et</strong></span> <span class='ocrx_word' id='word_1_107' title='bbox 1000 1048 1280 1085; x_wconf 88' lang='lat' dir='ltr'><strong>tintinnabulis</strong></span> <span class='ocrx_word' id='word_1_108' title='bbox 1309 1049 1420 1096; x_wconf 90' lang='lat' dir='ltr'><strong>culti,</strong></span> 
     </span>
     <span class='ocr_line' id='line_1_15' title="bbox 217 1110 1405 1158; baseline 0.002 -11"><span class='ocrx_word' id='word_1_109' title='bbox 217 1124 385 1158; x_wconf 90' lang='lat' dir='ltr'><strong>quorum</strong></span> <span class='ocrx_word' id='word_1_110' title='bbox 404 1124 529 1147; x_wconf 92' lang='lat' dir='ltr'><strong>unum</strong></span> <span class='ocrx_word' id='word_1_111' title='bbox 549 1111 701 1147; x_wconf 90' lang='lat' dir='ltr'><strong>bimum</strong></span> <span class='ocrx_word' id='word_1_112' title='bbox 713 1110 1015 1148; x_wconf 88' lang='lat' dir='ltr'><strong>nomenculator</strong></span> <span class='ocrx_word' id='word_1_113' title='bbox 1030 1123 1116 1148; x_wconf 91' lang='lat' dir='ltr'><strong>esse</strong></span> <span class='ocrx_word' id='word_1_114' title='bbox 1131 1110 1304 1157; x_wconf 88' lang='lat' dir='ltr'><strong>dicebat,</strong></span> <span class='ocrx_word' id='word_1_115' title='bbox 1319 1112 1405 1150; x_wconf 88' lang='lat' dir='ltr'><strong>alte-</strong></span> 
     </span>
     <span class='ocr_line' id='line_1_16' title="bbox 217 1166 1418 1220; baseline 0.001 -8"><span class='ocrx_word' id='word_1_116' title='bbox 217 1188 304 1213; x_wconf 80' lang='lat' dir='ltr'><strong>rum</strong></span> <span class='ocrx_word' id='word_1_117' title='bbox 317 1177 494 1220; x_wconf 87' lang='lat' dir='ltr'><strong>trimum,</strong></span> <span class='ocrx_word' id='word_1_118' title='bbox 508 1177 674 1211; x_wconf 82' lang='lat' dir='ltr'><strong>tertium</strong></span> <span class='ocrx_word' id='word_1_119' title='bbox 687 1187 780 1211; x_wconf 88' lang='lat' dir='ltr'><strong>vero</strong></span> <span class='ocrx_word' id='word_1_120' title='bbox 792 1177 870 1210; x_wconf 87' lang='lat' dir='ltr'><strong>iam</strong></span> <span class='ocrx_word' id='word_1_121' title='bbox 883 1166 1132 1220; x_wconf 80' lang='lat' dir='ltr'><strong>sexennem,³</strong></span> <span class='ocrx_word' id='word_1_122' title='bbox 1141 1187 1217 1220; x_wconf 90' lang='lat' dir='ltr'><strong>ego</strong></span> <span class='ocrx_word' id='word_1_123' title='bbox 1229 1175 1418 1220; x_wconf 85' lang='lat' dir='ltr'><strong>putabam</strong></span> 
     </span>
     <span class='ocr_line' id='line_1_17' title="bbox 218 1237 1419 1285; baseline 0 -10"><span class='ocrx_word' id='word_1_124' title='bbox 218 1240 514 1285; x_wconf 87' lang='lat' dir='ltr'><strong>petauristarios</strong></span> <span class='ocrx_word' id='word_1_125' title='bbox 534 1239 703 1274; x_wconf 87' lang='lat' dir='ltr'><strong>intrasse</strong></span> <span class='ocrx_word' id='word_1_126' title='bbox 722 1241 766 1274; x_wconf 88' lang='lat' dir='ltr'><strong>et</strong></span> <span class='ocrx_word' id='word_1_127' title='bbox 788 1248 943 1283; x_wconf 88' lang='lat' dir='ltr'><strong>porcos,</strong></span> <span class='ocrx_word' id='word_1_128' title='bbox 963 1239 1067 1274; x_wconf 87' lang='lat' dir='ltr'><strong>sicut</strong></span> <span class='ocrx_word' id='word_1_129' title='bbox 1091 1239 1134 1274; x_wconf 93' lang='lat' dir='ltr'><strong>in</strong></span> <span class='ocrx_word' id='word_1_130' title='bbox 1159 1237 1314 1275; x_wconf 91' lang='lat' dir='ltr'><strong>circulis</strong></span> <span class='ocrx_word' id='word_1_131' title='bbox 1333 1251 1419 1276; x_wconf 92' lang='lat' dir='ltr'><strong>mos</strong></span> 
     </span>
     <span class='ocr_line' id='line_1_18' title="bbox 219 1299 1419 1347; baseline 0 -9"><span class='ocrx_word' id='word_1_132' title='bbox 219 1306 293 1347; x_wconf 87' lang='lat' dir='ltr'><strong>est,</strong></span> <span class='ocrx_word' id='word_1_133' title='bbox 313 1305 501 1347; x_wconf 86' lang='lat' dir='ltr'><strong>portenta</strong></span> <span class='ocrx_word' id='word_1_134' title='bbox 520 1299 651 1346; x_wconf 89' lang='lat' dir='ltr'><strong>aliqua</strong></span> <span class='ocrx_word' id='word_1_135' title='bbox 670 1300 843 1337; x_wconf 88' lang='lat' dir='ltr'><strong>facturos</strong></span> <span class='ocrx_word' id='word_1_136' title='bbox 854 1313 863 1344; x_wconf 91' lang='lat'>;</span> <span class='ocrx_word' id='word_1_137' title='bbox 884 1299 955 1337; x_wconf 90' lang='lat' dir='ltr'><strong>sed</strong></span> <span class='ocrx_word' id='word_1_138' title='bbox 975 1299 1214 1337; x_wconf 86' lang='lat' dir='ltr'><strong>Trimalchio</strong></span> <span class='ocrx_word' id='word_1_139' title='bbox 1234 1305 1419 1347; x_wconf 87' lang='lat' dir='ltr'><strong>expecta-</strong></span> 
     </span>
     <span class='ocr_line' id='line_1_19' title="bbox 218 1354 1419 1410; baseline -0.001 -8"><span class='ocrx_word' id='word_1_140' title='bbox 218 1367 329 1402; x_wconf 88' lang='lat' dir='ltr'><strong>tione</strong></span> <span class='ocrx_word' id='word_1_141' title='bbox 358 1364 533 1402; x_wconf 85' lang='lat' dir='ltr'><strong>discussa</strong></span> <span class='ocrx_word' id='word_1_142' title='bbox 557 1354 759 1410; x_wconf 82' lang='lat' dir='ltr'><strong>“Quem”</strong></span> <span class='ocrx_word' id='word_1_143' title='bbox 787 1366 919 1409; x_wconf 81' lang='lat' dir='ltr'><strong>inquit</strong></span> <span class='ocrx_word' id='word_1_144' title='bbox 942 1354 968 1371; x_wconf 81' lang='lat'><em>“</em></span> <span class='ocrx_word' id='word_1_145' title='bbox 980 1376 1030 1400; x_wconf 91' lang='lat' dir='ltr'><strong>ex</strong></span> <span class='ocrx_word' id='word_1_146' title='bbox 1056 1366 1113 1400; x_wconf 93' lang='lat' dir='ltr'><strong>eis</strong></span> <span class='ocrx_word' id='word_1_147' title='bbox 1136 1363 1255 1400; x_wconf 90' lang='lat' dir='ltr'><strong>vultis</strong></span> <span class='ocrx_word' id='word_1_148' title='bbox 1284 1366 1326 1400; x_wconf 91' lang='lat' dir='ltr'><strong>in</strong></span> <span class='ocrx_word' id='word_1_149' title='bbox 1355 1377 1419 1401; x_wconf 92' lang='lat' dir='ltr'><strong>ce-</strong></span> 
     </span>
     <span class='ocr_line' id='line_1_20' title="bbox 218 1426 1419 1472; baseline -0.002 -6"><span class='ocrx_word' id='word_1_150' title='bbox 218 1441 312 1466; x_wconf 88' lang='lat' dir='ltr'><strong>nam</strong></span> <span class='ocrx_word' id='word_1_151' title='bbox 337 1430 474 1465; x_wconf 90' lang='lat' dir='ltr'><strong>statim</strong></span> <span class='ocrx_word' id='word_1_152' title='bbox 503 1427 612 1464; x_wconf 88' lang='lat' dir='ltr'><strong>fieri?</strong></span> <span class='ocrx_word' id='word_1_153' title='bbox 651 1426 801 1472; x_wconf 87' lang='lat' dir='ltr'><strong>gallum</strong></span> <span class='ocrx_word' id='word_1_154' title='bbox 827 1429 935 1464; x_wconf 90' lang='lat' dir='ltr'><strong>enim</strong></span> <span class='ocrx_word' id='word_1_155' title='bbox 961 1426 1239 1472; x_wconf 89' lang='lat' dir='ltr'><strong>gallinaceum,</strong></span> <span class='ocrx_word' id='word_1_156' title='bbox 1258 1427 1419 1472; x_wconf 88' lang='lat' dir='ltr'><strong>penthi-</strong></span> 
     </span>
     <span class='ocr_line' id='line_1_21' title="bbox 218 1489 1419 1529; baseline -0.001 0"><span class='ocrx_word' id='word_1_157' title='bbox 218 1505 334 1529; x_wconf 88' lang='lat' dir='ltr'><strong>acum</strong></span> <span class='ocrx_word' id='word_1_158' title='bbox 365 1496 409 1528; x_wconf 90' lang='lat' dir='ltr'><strong>et</strong></span> <span class='ocrx_word' id='word_1_159' title='bbox 439 1490 633 1528; x_wconf 91' lang='lat' dir='ltr'><strong>eiusmodi</strong></span> <span class='ocrx_word' id='word_1_160' title='bbox 663 1493 802 1527; x_wconf 89' lang='lat' dir='ltr'><strong>nenias</strong></span> <span class='ocrx_word' id='word_1_161' title='bbox 840 1492 977 1527; x_wconf 89' lang='lat' dir='ltr'><strong>rustici</strong></span> <span class='ocrx_word' id='word_1_162' title='bbox 1011 1489 1183 1526; x_wconf 84' lang='lat' dir='ltr'><strong>faciunt:</strong></span> <span class='ocrx_word' id='word_1_163' title='bbox 1222 1492 1302 1527; x_wconf 92' lang='lat' dir='ltr'><strong>mei</strong></span> <span class='ocrx_word' id='word_1_164' title='bbox 1335 1494 1419 1528; x_wconf 89' lang='lat' dir='ltr'><strong>coci</strong></span> 
     </span>
     <span class='ocr_line' id='line_1_22' title="bbox 219 1552 1419 1599; baseline -0.001 -7"><span class='ocrx_word' id='word_1_165' title='bbox 219 1558 341 1593; x_wconf 89' lang='lat' dir='ltr'><strong>etiam</strong></span> <span class='ocrx_word' id='word_1_166' title='bbox 356 1554 501 1591; x_wconf 89' lang='lat' dir='ltr'><strong>vitulos</strong></span> <span class='ocrx_word' id='word_1_167' title='bbox 515 1567 616 1591; x_wconf 89' lang='lat' dir='ltr'><strong>aeno</strong></span> <span class='ocrx_word' id='word_1_168' title='bbox 629 1559 761 1590; x_wconf 88' lang='lat' dir='ltr'><strong>coctos</strong></span> <span class='ocrx_word' id='word_1_169' title='bbox 777 1553 908 1590; x_wconf 90' lang='lat' dir='ltr'><strong>solent</strong></span> <span class='ocrx_word' id='word_1_170' title='bbox 923 1552 1093 1590; x_wconf 87' lang='lat' dir='ltr'><strong>facere.&#39;&#39;</strong></span> <span class='ocrx_word' id='word_1_171' title='bbox 1143 1552 1419 1599; x_wconf 90' lang='lat' dir='ltr'><strong>Continuoque</strong></span> 
     </span>
     <span class='ocr_line' id='line_1_23' title="bbox 219 1615 1420 1663; baseline -0.001 -8"><span class='ocrx_word' id='word_1_172' title='bbox 219 1631 359 1655; x_wconf 89' lang='lat' dir='ltr'><strong>cocum</strong></span> <span class='ocrx_word' id='word_1_173' title='bbox 378 1620 508 1654; x_wconf 87' lang='lat' dir='ltr'><strong>vocari</strong></span> <span class='ocrx_word' id='word_1_174' title='bbox 527 1619 654 1663; x_wconf 88' lang='lat' dir='ltr'><strong>iussit,</strong></span> <span class='ocrx_word' id='word_1_175' title='bbox 675 1622 717 1654; x_wconf 90' lang='lat' dir='ltr'><strong>et</strong></span> <span class='ocrx_word' id='word_1_176' title='bbox 736 1630 817 1653; x_wconf 92' lang='lat' dir='ltr'><strong>non</strong></span> <span class='ocrx_word' id='word_1_177' title='bbox 838 1620 1049 1662; x_wconf 87' lang='lat' dir='ltr'><strong>expectata</strong></span> <span class='ocrx_word' id='word_1_178' title='bbox 1069 1615 1266 1652; x_wconf 90' lang='lat' dir='ltr'><strong>electione</strong></span> <span class='ocrx_word' id='word_1_179' title='bbox 1286 1621 1420 1654; x_wconf 88' lang='lat' dir='ltr'><strong>nostra</strong></span> 
     </span>
     <span class='ocr_line' id='line_1_24' title="bbox 218 1668 1420 1724; baseline -0.001 -7"><span class='ocrx_word' id='word_1_180' title='bbox 218 1683 435 1718; x_wconf 87' lang='lat' dir='ltr'><strong>maximum</strong></span> <span class='ocrx_word' id='word_1_181' title='bbox 454 1685 553 1717; x_wconf 88' lang='lat' dir='ltr'><strong>natu</strong></span> <span class='ocrx_word' id='word_1_182' title='bbox 572 1682 686 1716; x_wconf 90' lang='lat' dir='ltr'><strong>iussit</strong></span> <span class='ocrx_word' id='word_1_183' title='bbox 705 1679 843 1724; x_wconf 85' lang='lat' dir='ltr'><strong>occidi,</strong></span> <span class='ocrx_word' id='word_1_184' title='bbox 861 1684 902 1716; x_wconf 87' lang='lat' dir='ltr'><strong>et</strong></span> <span class='ocrx_word' id='word_1_185' title='bbox 922 1678 1025 1715; x_wconf 86' lang='lat' dir='ltr'><strong>clara</strong></span> <span class='ocrx_word' id='word_1_186' title='bbox 1044 1690 1160 1715; x_wconf 89' lang='lat' dir='ltr'><strong>voce:</strong></span> <span class='ocrx_word' id='word_1_187' title='bbox 1181 1668 1206 1685; x_wconf 84' lang='lat'><strong><em>“</em></strong></span> <span class='ocrx_word' id='word_1_188' title='bbox 1219 1678 1279 1715; x_wconf 85' lang='lat' dir='ltr'><strong>Ex</strong></span> <span class='ocrx_word' id='word_1_189' title='bbox 1299 1684 1420 1724; x_wconf 86' lang='lat' dir='ltr'><strong>quota</strong></span> 
     </span>
     <span class='ocr_line' id='line_1_25' title="bbox 219 1741 1419 1787; baseline -0.001 -7"><span class='ocrx_word' id='word_1_190' title='bbox 219 1744 381 1781; x_wconf 89' lang='lat' dir='ltr'><strong>decuria</strong></span> <span class='ocrx_word' id='word_1_191' title='bbox 401 1743 500 1780; x_wconf 91' lang='lat' dir='ltr'><strong>es?”</strong></span> <span class='ocrx_word' id='word_1_192' title='bbox 543 1742 642 1780; x_wconf 90' lang='lat' dir='ltr'><strong>Cum</strong></span> <span class='ocrx_word' id='word_1_193' title='bbox 662 1742 730 1779; x_wconf 90' lang='lat' dir='ltr'><strong>ille</strong></span> <span class='ocrx_word' id='word_1_194' title='bbox 750 1755 792 1779; x_wconf 91' lang='lat' dir='ltr'><strong>se</strong></span> <span class='ocrx_word' id='word_1_195' title='bbox 813 1755 862 1779; x_wconf 86' lang='lat' dir='ltr'><strong>ex</strong></span> <span class='ocrx_word' id='word_1_196' title='bbox 878 1741 1179 1787; x_wconf 82' lang='lat' dir='ltr'><strong>quadragesima</strong></span> <span class='ocrx_word' id='word_1_197' title='bbox 1194 1741 1419 1787; x_wconf 90' lang='lat' dir='ltr'><strong>respondis-</strong></span> 
     </span>
     <span class='ocr_line' id='line_1_26' title="bbox 219 1794 1420 1852; baseline -0.003 -8"><span class='ocrx_word' id='word_1_198' title='bbox 219 1811 295 1852; x_wconf 86' lang='lat' dir='ltr'><strong>set,</strong></span> <span class='ocrx_word' id='word_1_199' title='bbox 316 1796 340 1814; x_wconf 83' lang='lat'><strong>“</strong></span> <span class='ocrx_word' id='word_1_200' title='bbox 354 1806 575 1852; x_wconf 88' lang='lat' dir='ltr'><strong>Empticius</strong></span> <span class='ocrx_word' id='word_1_201' title='bbox 602 1805 689 1841; x_wconf 86' lang='lat' dir='ltr'><strong>an’&#39;</strong></span> <span class='ocrx_word' id='word_1_202' title='bbox 718 1807 849 1850; x_wconf 88' lang='lat' dir='ltr'><strong>inquit</strong></span> <span class='ocrx_word' id='word_1_203' title='bbox 876 1795 1021 1840; x_wconf 86' lang='lat' dir='ltr'><strong>“domi</strong></span> <span class='ocrx_word' id='word_1_204' title='bbox 1047 1803 1222 1840; x_wconf 88' lang='lat' dir='ltr'><strong>natus?”</strong></span> <span class='ocrx_word' id='word_1_205' title='bbox 1273 1794 1298 1811; x_wconf 85' lang='lat'><em>“</em></span> <span class='ocrx_word' id='word_1_206' title='bbox 1311 1804 1420 1841; x_wconf 92' lang='lat' dir='ltr'><strong>Neu-</strong></span> 
     </span>
     <span class='ocr_line' id='line_1_27' title="bbox 220 1858 1418 1914; baseline -0.002 -8"><span class='ocrx_word' id='word_1_207' title='bbox 220 1874 327 1906; x_wconf 85' lang='lat' dir='ltr'><strong>trum</strong></span> <span class='ocrx_word' id='word_1_208' title='bbox 341 1868 363 1882; x_wconf 90' lang='lat'><strong>”</strong></span> <span class='ocrx_word' id='word_1_209' title='bbox 403 1871 534 1914; x_wconf 90' lang='lat' dir='ltr'><strong>inquit</strong></span> <span class='ocrx_word' id='word_1_210' title='bbox 573 1880 689 1905; x_wconf 88' lang='lat' dir='ltr'><strong>cocus</strong></span> <span class='ocrx_word' id='word_1_211' title='bbox 728 1858 837 1904; x_wconf 82' lang='lat' dir='ltr'><strong>“sed</strong></span> <span class='ocrx_word' id='word_1_212' title='bbox 874 1871 1119 1904; x_wconf 86' lang='lat' dir='ltr'><strong>testamento</strong></span> <span class='ocrx_word' id='word_1_213' title='bbox 1159 1866 1308 1903; x_wconf 87' lang='lat' dir='ltr'><strong>Pansae</strong></span> <span class='ocrx_word' id='word_1_214' title='bbox 1345 1867 1418 1904; x_wconf 86' lang='lat' dir='ltr'><strong>tibi</strong></span> 
     </span>
     <span class='ocr_line' id='line_1_28' title="bbox 221 1920 1420 1975; baseline -0.003 -6"><span class='ocrx_word' id='word_1_215' title='bbox 221 1931 383 1970; x_wconf 86' lang='lat' dir='ltr'><strong>relictus</strong></span> <span class='ocrx_word' id='word_1_216' title='bbox 403 1931 528 1968; x_wconf 91' lang='lat' dir='ltr'><strong>sum.&#39;&#39;</strong></span> <span class='ocrx_word' id='word_1_217' title='bbox 573 1921 598 1939; x_wconf 83' lang='lat'><strong><em>“</em></strong></span> <span class='ocrx_word' id='word_1_218' title='bbox 607 1930 709 1967; x_wconf 92' lang='lat' dir='ltr'><strong>Vide</strong></span> <span class='ocrx_word' id='word_1_219' title='bbox 725 1943 821 1975; x_wconf 89' lang='lat' dir='ltr'><strong>ergo</strong></span> <span class='ocrx_word' id='word_1_220' title='bbox 835 1930 856 1942; x_wconf 87' lang='lat'><strong>’&#39;</strong></span> <span class='ocrx_word' id='word_1_221' title='bbox 878 1932 935 1967; x_wconf 91' lang='lat' dir='ltr'><strong>ait</strong></span> <span class='ocrx_word' id='word_1_222' title='bbox 950 1920 1030 1966; x_wconf 83' lang='lat' dir='ltr'><strong>“ut</strong></span> <span class='ocrx_word' id='word_1_223' title='bbox 1046 1929 1262 1974; x_wconf 89' lang='lat' dir='ltr'><strong>diligenter</strong></span> <span class='ocrx_word' id='word_1_224' title='bbox 1277 1942 1420 1975; x_wconf 80' lang='lat' dir='ltr'><strong>ponas3</strong></span> 
     </span>
    </p>
   </div>
   <div class='ocr_carea' id='block_1_3' title="bbox 566 2008 1071 2127">
    <p class='ocr_par' dir='ltr' id='par_1_3' title="bbox 566 2008 1071 2127">
     <span class='ocr_line' id='line_1_29' title="bbox 567 2008 1045 2041; baseline -0.006 0"><span class='ocrx_word' id='word_1_225' title='bbox 567 2010 692 2041; x_wconf 86' lang='lat' dir='ltr'><strong>¹vetuo</strong></span> <span class='ocrx_word' id='word_1_226' title='bbox 708 2008 917 2040; x_wconf 83' lang='lat' dir='ltr'><strong>Buecheler:</strong></span> <span class='ocrx_word' id='word_1_227' title='bbox 939 2008 1045 2039; x_wconf 80' lang='lat' dir='ltr'><strong>vetui.</strong></span> 
     </span>
     <span class='ocr_line' id='line_1_30' title="bbox 566 2051 1003 2093; baseline -0.002 -10"><span class='ocrx_word' id='word_1_228' title='bbox 566 2051 683 2093; x_wconf 72' lang='lat' dir='ltr'><strong>²quod</strong></span> <span class='ocrx_word' id='word_1_229' title='bbox 700 2052 900 2083; x_wconf 83' lang='lat' dir='ltr'><strong>Heinsius:</strong></span> <span class='ocrx_word' id='word_1_230' title='bbox 922 2061 1003 2092; x_wconf 88' lang='lat' dir='ltr'><strong>quo.</strong></span> 
     </span>
     <span class='ocr_line' id='line_1_31' title="bbox 566 2093 1071 2127; baseline -0.004 -1"><span class='ocrx_word' id='word_1_231' title='bbox 566 2093 778 2127; x_wconf 76' lang='lat' dir='ltr'><strong>⁸sexennem</strong></span> <span class='ocrx_word' id='word_1_232' title='bbox 800 2093 917 2126; x_wconf 78' lang='lat' dir='ltr'><em>Wehl:</em></span> <span class='ocrx_word' id='word_1_233' title='bbox 939 2104 1071 2125; x_wconf 83' lang='lat' dir='ltr'><strong>senem.</strong></span> 
     </span>
    </p>
   </div>
   <div class='ocr_carea' id='block_1_4' title="bbox 332 2158 383 2193">
    <p class='ocr_par' dir='ltr' id='par_1_4' title="bbox 332 2158 383 2193">
     <span class='ocr_line' id='line_1_32' title="bbox 332 2158 383 2193; baseline 0 0"><span class='ocrx_word' id='word_1_234' title='bbox 332 2158 383 2193; x_wconf 77' lang='lat'><strong>82</strong></span> 
     </span>
    </p>
   </div>
  </div>
 </body>
</html>
