1500 2470
437 202 600 244 TITUS
631 203 942 246 PETRONIUS
971 206 1211 245 ARBITER

216 288 262 322 ct
290 297 382 321 cum
410 284 469 322 illi
497 288 611 332 pueri
639 285 840 324 dicerent:
880 285 1074 334 Σίβυλλα,
1109 286 1151 325 τί
1180 285 1322 333 θὲλεις;
1358 299 1420 325 re-

217 355 442 403 spondebat
462 356 550 394 illa:
580 356 786 397 οἷποθανεῖν
807 356 947 397 θέλω.”

272 427 462 466 Nondum
491 429 690 467 efflaverat
722 433 867 477 omnia,
897 444 988 469 cum
1020 434 1297 479 repositorium
1329 445 1420 469 cum

217 513 286 537 sue
302 502 459 546 ingenti
479 514 658 539 mensam
673 505 892 548 occupavit.
935 503 1071 540 Mirari
1085 516 1157 541 nos
1172 503 1420 541 celeritatem

216 574 419 618 coepimus
450 577 494 610 et
523 575 666 620 iurare,
696 586 749 611 ne
780 574 931 620 gallum
962 574 1125 621 quidem
1154 575 1419 621 gallinaceum

215 648 298 680 tam
318 646 397 681 cito
417 647 606 691 percoqui
626 648 815 692 potuisse,
836 650 951 683 tanto
971 646 1134 692 quidem
1153 649 1292 693 magis,
1312 645 1419 692 quod

215 714 335 760 longe
362 717 487 752 maior
513 716 627 753 nobis
653 729 794 763 porcus
815 717 1024 755 videbatur
1044 730 1143 765 esse,
1163 731 1283 764 quam
1300 716 1418 764 paulo

214 791 310 824 ante
329 799 425 833 aper
442 787 583 825 fuerat.
630 787 791 826 Deinde
810 792 936 835 magis
955 792 1160 836 magisque
1180 789 1419 827 Trimalchio

214 860 377 896 intuens
397 872 490 896 eum
510 850 679 906 “Quid?
708 860 862 906 quid?''
893 863 1025 907 inquit
1045 851 1219 908 “porcus
1242 861 1307 898 hic
1335 874 1417 898 non

214 935 278 968 est
308 931 580 968 exinteratus?
638 931 731 968 Non
761 932 1011 970 mehercules
1042 937 1113 970 est.
1173 933 1292 979 Voca,
1322 946 1418 970 voca

213 1015 353 1039 cocum
372 1004 414 1038 in
434 1002 606 1040 medi0.''
653 1003 752 1040 Cum
768 1005 1013 1041 constitisset
1031 1004 1083 1041 ad
1102 1017 1280 1042 mensam
1300 1017 1416 1042 cocus

213 1075 338 1110 tristis
367 1077 410 1110 et
439 1072 592 1111 diceret
621 1087 662 1111 se
692 1074 861 1111 oblitum
890 1087 976 1112 esse
1003 1077 1240 1121 exinterare,
1262 1065 1416 1121 “quid?

212 1144 417 1182 oblitus?'’
476 1144 717 1182 Trimalchio
746 1145 943 1183 exclamat
973 1136 1129 1184 “Putes
1158 1146 1271 1184 illum
1300 1149 1414 1193 piper

212 1215 256 1248 et
293 1213 497 1248 cuminum
534 1224 616 1248 non
654 1213 879 1249 coniecisse.
949 1211 1175 1258 Despolia.''
1241 1213 1332 1250 Non
1369 1212 1415 1250 fit

213 1291 335 1323 mora,
369 1277 615 1324 despoliatur
652 1291 769 1316 cocus
806 1283 927 1325 atque
966 1282 1071 1316 inter
1109 1279 1207 1317 duos
1245 1284 1415 1317 tortores

213 1350 388 1383 maestus
408 1347 598 1382 consistit.
646 1345 863 1392 Deprecari
882 1351 1019 1383 tamen
1039 1359 1176 1384 omnes
1196 1352 1416 1393 coeperunt

212 1418 256 1451 et
289 1413 442 1451 dicere:
473 1403 619 1450 “Solet
652 1412 758 1458 fieri;
791 1426 987 1459 rogamus,
1021 1416 1176 1458 mittas3
1210 1418 1350 1460 postea
1381 1417 1414 1451 si

211 1481 366 1526 fecerit,
386 1493 506 1517 nemo
524 1485 704 1517 nostrum
724 1493 795 1526 pro
814 1480 882 1517 illo
901 1480 1095 1526 rogabit.’'
1154 1480 1253 1527 Ego,
1273 1480 1413 1518 crude-

210 1547 382 1585 lissimae
402 1549 638 1593 severitatis,
658 1560 739 1584 non
760 1550 872 1593 potui
891 1560 956 1584 me
976 1552 1130 1593 tenere,
1150 1547 1222 1584 sed
1247 1547 1411 1584 inclina-

210 1620 274 1652 tus
307 1614 359 1652 ad
395 1627 532 1652 aurem
563 1614 875 1660 Agamemnonis
907 1605 1090 1661 “plane’'
1122 1617 1283 1660 inquam
1314 1605 1412 1652 “hic

209 1681 335 1719 debet
360 1694 495 1719 servus
523 1693 609 1718 esse
636 1684 920 1727 nequissimus;
946 1681 1086 1727 aliquis
1112 1681 1411 1719 oblivisceretur

208 1761 372 1795 porcum
393 1748 642 1785 exinterare?
690 1748 782 1784 Non
802 1748 1051 1785 mehercules
1071 1748 1129 1785 illi
1148 1751 1408 1794 ignoscerem,

207 1817 240 1852 si
265 1817 416 1862 piscem
442 1813 737 1861 praeterisset.’'
797 1815 854 1852 At
878 1827 960 1851 non
987 1814 1239 1861 Trimalchio,
1259 1817 1327 1861 qui
1345 1827 1407 1852 re-

206 1881 339 1919 laxato
364 1883 406 1917 in
432 1880 677 1918 hilaritatem
701 1880 813 1917 vultu
835 1871 1007 1926 “Ergo''
1029 1884 1161 1927 inquit
1181 1871 1306 1928 “quia
1325 1886 1407 1918 tam

204 1948 333 1986 malae
370 1950 584 1986 memoriae
623 1960 678 1993 es,
716 1947 847 1993 palam
885 1948 998 1985 nobis
1035 1948 1149 1986 illum
1186 1947 1406 1986 exintera.''

206 2015 384 2062 Recepta
403 2027 520 2052 cocus
540 2017 676 2051 tunica
705 2013 878 2051 cultrum
906 2018 1072 2061 arripuit
1096 2018 1284 2062 porcique
1310 2028 1405 2053 ven-

203 2087 309 2120 trem
326 2080 421 2119 hinc
440 2086 562 2127 atque
580 2080 690 2118 illinc
715 2080 853 2118 timida
872 2094 992 2118 manu
1012 2084 1149 2119 secuit.
1182 2082 1267 2119 Nec
1281 2094 1403 2127 mora,

314 2143 366 2183 ‘26
