1500 2470
439 211 602 252 TITUS
633 211 945 253 PETRONIUS
974 213 1215 252 ARBITER

218 292 358 331 duravi
369 296 618 340 interrogare
630 293 743 331 illum
755 296 1021 341 interpretem
1037 307 1185 341 meum,
1209 286 1337 342 quod1
1359 306 1423 331 me

218 361 435 403 torqueret.
467 356 524 394 At
542 357 631 395 ille:
648 347 677 365 “
691 356 813 394 Plane
834 359 956 395 etiam
976 357 1053 396 hoc
1067 371 1202 395 servus
1215 362 1308 395 tuus
1322 356 1424 394 indi-

219 433 308 457 care
323 425 477 467 potest3
498 433 580 457 non
595 423 703 458 enim
719 423 903 467 aenigma
916 426 990 468 est,
1006 421 1077 459 sed
1097 434 1159 459 res
1171 426 1319 468 aperta.
1344 421 1425 458 Hic

218 496 326 530 aper,
336 497 427 521 cum
438 483 526 521 heri
542 497 696 521 summa
703 497 802 521 cena
811 477 927 522 eum2
947 485 1199 531 vindicasset,
1214 498 1238 522 a
1251 486 1425 522 convivis

218 547 402 584 dimissus
422 552 508 592 est;
542 551 678 594 itaque
698 547 818 585 hodie
838 552 1029 594 tanquam
1044 547 1212 586 libertus
1230 550 1271 585 in
1292 550 1424 585 convi—

218 613 326 648 vium
353 611 606 648 revertitur.''
667 611 863 648 Damnavi
888 624 964 657 ego
990 616 1195 658 stuporem
1219 624 1355 649 meum
1381 615 1425 649 et

218 674 319 712 nihil
347 674 516 721 amplius
543 676 798 721 interrogavi,
825 687 878 712 ne
904 674 1061 712 viderer
1086 687 1293 721 nunquam
1318 677 1424 712 inter

218 738 408 775 honestos
428 751 602 775 cenasse.

275 801 384 839 Dum
403 801 502 838 haec
522 801 733 848 loquimur,
746 815 846 848 puer
858 804 1070 848 speciosus,
1086 802 1232 839 vitibus
1246 801 1424 839 hederis-

217 878 296 912 que
335 865 557 911 redimitus,
592 865 713 902 modo
752 865 968 911 Bromium,
1002 865 1206 903 interdum
1245 865 1423 911 Lyaeum

219 928 474 974 Euhiumque
501 928 717 974 confessus,
746 928 960 966 calathisco
986 941 1081 967 uvas
1107 928 1351 966 circumtulit
1381 933 1424 965 et

218 997 403 1040 poemata
440 991 592 1029 domini
625 994 686 1029 sui
723 994 950 1029 acutissima
982 1005 1079 1029 voce
1109 992 1297 1030 traduxit.
1355 991 1421 1029 Ad

217 1069 339 1103 quem
358 1069 500 1094 sonum
523 1068 735 1093 conversus
758 1055 998 1093 Trimalchio
1019 1046 1270 1101 “Dionyse'’
1291 1057 1422 1102 inquit

219 1110 359 1157 “liber
386 1119 512 1156 esto.''
573 1119 676 1156 Puer
702 1118 877 1156 detraxit
908 1118 1074 1165 pilleum
1100 1132 1195 1165 apro
1221 1121 1420 1165 capitique

217 1196 288 1221 suo
307 1184 506 1228 imposuit.
566 1181 670 1219 Tum
689 1181 929 1219 Trimalchio
944 1195 1077 1219 rursus
1099 1181 1270 1219 adiecit:
1290 1171 1316 1189 “
1329 1182 1420 1219 Non

216 1246 416 1292 negabitis
455 1258 520 1283 me
534 1245 556 1259 ’'
597 1247 730 1291 inquit
769 1235 956 1282 “habere
996 1244 1186 1282 Liberum
1224 1245 1417 1292 patrem.''
1487 1239 1500 1254 ⁵

219 1309 484 1347 Laudavimus
515 1308 668 1346 dictum
699 1307 1002 1346 Trimalchionis
1033 1313 1076 1346 et
1106 1310 1420 1346 circumeuntem

216 1386 385 1419 puerum
404 1385 499 1410 sane
519 1372 798 1418 perbasiamus.

271 1436 337 1474 Ab
374 1435 450 1473 hoc
484 1434 636 1473 ferculo
669 1434 909 1472 Trimalchio
942 1434 993 1472 ad
1025 1434 1204 1472 lasanum
1237 1438 1416 1473 surrexit.

217 1500 300 1537 Nos
326 1499 557 1536 libertatem
583 1501 670 1536 sine
698 1503 868 1544 tyranno
895 1500 1002 1535 nacti
1026 1501 1228 1545 coepimus
1250 1500 1418 1535 invitare

217 1565 469 1600 convivarum
485 1574 697 1599 sermones.
722 1553 876 1598 Dama³
890 1564 1025 1607 itaque
1038 1563 1187 1607 primus
1202 1574 1294 1598 cum
1307 1566 1418 1607 pata-

215 1628 348 1662 racina
378 1627 635 1672 poposcisset,
669 1615 834 1662 “Diei'’
857 1626 988 1670 inquit
1015 1614 1151 1661 “nihil
1177 1629 1250 1662 est.
1309 1623 1416 1662 Dum

215 1701 346 1726 versas
372 1693 428 1734 te,
451 1700 531 1725 nox
554 1687 609 1725 fit.
670 1687 811 1734 Itaque
834 1686 935 1724 nihil
958 1691 1021 1724 est
1044 1686 1200 1733 melius,
1223 1700 1343 1733 quam
1365 1687 1416 1724 de

214 1751 396 1789 cubiculo
418 1755 529 1788 recta
555 1753 597 1787 in
622 1750 839 1788 triclinium
865 1753 933 1787 ire.
993 1749 1047 1787 Et
1071 1749 1267 1787 mundum
1293 1750 1417 1797 frigus

215 1815 435 1853 habuimus.
495 1814 571 1851 Vix
597 1826 662 1851 me
694 1813 859 1851 balneus
891 1813 1060 1851 calfecit.
1126 1813 1278 1850 Tamen
1304 1813 1414 1851 calda

214 1881 324 1925 potio
343 1880 550 1915 vestiarius
570 1882 641 1914 est.
702 1876 942 1914 Staminatas
962 1876 1070 1923 duxi,
1088 1881 1130 1914 et
1148 1876 1266 1923 plane
1285 1881 1415 1915 matus

213 1954 311 1979 sum.
370 1941 495 1977 Vinus
514 1939 613 1977 mihi
631 1942 674 1976 in
694 1940 901 1976 cerebrum
919 1939 1056 1977 abiit.’'

514 2015 523 2033 ¹
534 2013 629 2056 quod
646 2014 856 2046 Buecheler:
879 2014 974 2055 quid.

513 2056 627 2089 ²cena
643 2068 724 2089 eum
739 2057 953 2090 Buecheler:
976 2068 1112 2090 cenam.

514 2099 527 2121 ³
540 2101 682 2133 Damas
699 2100 903 2133 Heinsius:
925 2101 1070 2134 clamat.

321 2160 372 2200 66
