1534 2470
122 867 174 907 62

421 222 583 261 TITUS
615 215 928 262 PETRONIUS
957 223 1196 261 ARBITER

201 298 333 335 lissam
362 297 633 344 Tarentinam,
663 297 988 345 pulcherrimum·
1003 298 1275 336 bacciballum.
1324 297 1406 337 Sed

202 374 278 407 ego
312 374 395 398 non
421 361 672 399 mehercules
699 361 958 408 corporaliter
982 353 1118 399 illam1
1145 367 1216 399 aut
1242 366 1406 409 propter

201 438 264 462 res
283 427 463 462 venerias
488 427 632 472 curavi,
659 424 731 463 sed
759 427 885 471 magis
915 425 1022 471 quod
1049 417 1297 463 benemoria?
1315 424 1403 463 fuit.

202 486 244 527 Si
271 488 367 535 quid
393 489 443 525 ab
470 488 538 525 illa
565 490 677 535 petii,
703 501 909 534 nunquam
935 488 1034 525 mihi
1060 493 1274 535 negatum:
1308 488 1406 526 fecit

202 544 343 598 assem,
359 554 564 589 semissem
579 551 721 596 habui3
741 552 931 598 quicquid
945 551 1080 598 habui,
1095 554 1138 589 in
1157 551 1262 590 illius
1277 555 1406 590 sinum

202 615 453 661 demandavi,
473 628 549 653 nec
576 628 752 662 unquam
778 615 973 653 fefellitus
999 628 1098 653 sum.
1157 615 1290 654 Huius
1313 628 1406 652 con-

202 678 422 716 tubernalis
451 678 503 716 ad
534 678 668 716 villam
701 691 930 725 supremum
958 678 1067 716 diem
1094 678 1204 716 obiit.
1264 678 1406 725 Itaque

202 755 274 789 per
293 747 449 779 scutum
470 755 541 788 per
560 755 716 779 ocream
736 744 801 788 egi
819 744 989 788 aginavi,
1006 741 1342 788 quemadmodum
1356 741 1407 779 ad

203 805 311 842 illam
349 807 620 851 pervenirem:
660 807 768 842 scitis
805 810 953 851 autem,
987 807 1030 842 in
1061 808 1255 851 angustiis
1291 807 1408 842 amici

203 873 408 915 apparent.
470 868 588 905 Forte
615 867 799 905 dominus
827 868 1002 914 Capuam
1028 870 1181 918 exierat
1206 867 1258 905 ad
1277 873 1404 906 scruta

203 935 303 969 scita
322 931 583 978 expedienda.
643 931 795 968 Nactus
818 944 894 978 ego
918 934 1165 968 occasionem
1187 931 1407 978 persuadeo

205 991 405 1034 hospitem
431 994 625 1036 nostrum,
651 995 698 1027 ut
723 1003 881 1027 mecum
906 989 958 1027 ad
985 992 1171 1036 quintum
1195 990 1404 1029 miliarium

205 1052 350 1087 veniat.
411 1048 510 1086 Erat
546 1053 682 1086 autem
719 1048 847 1095 miles,
886 1048 999 1086 fortis
1037 1053 1228 1094 tanquam
1266 1047 1404 1086 Orcus.

205 1107 474 1154 Apoculamus
493 1120 564 1144 nos
585 1110 687 1144 circa
705 1106 919 1153 gallicinia,
933 1106 1028 1144 luna
1042 1106 1203 1143 lucebat
1217 1111 1406 1152 tanquam

131 1203 134 1205 ,
205 1165 383 1204 meridie.
454 1166 646 1202 Venimus
683 1168 789 1202 intra
825 1167 1092 1202 monimenta:
1138 1164 1258 1202 homo
1294 1178 1407 1203 meus

205 1227 340 1271 coepit
368 1223 419 1261 ad
445 1224 565 1261 stelas
599 1223 743 1269 facere,
777 1216 922 1261 sedeo³
950 1236 1026 1269 ego
1056 1223 1332 1260 cantabundus
1364 1228 1406 1261 et

205 1283 326 1321 stelas
353 1295 531 1320 numero.
591 1281 750 1319 Deinde
778 1286 826 1319 ut
852 1283 1009 1328 respexi
1037 1281 1088 1318 ad
1117 1284 1317 1326 comitem,
1337 1281 1406 1319 ille

206 1344 319 1379 exuit
337 1353 380 1379 se
400 1345 444 1378 et
462 1343 594 1378 omnia
621 1343 860 1377 vestimenta
886 1339 1106 1377 secundum
1131 1342 1235 1376 viam
1261 1343 1403 1386 posuit.

207 1400 311 1438 Mihi
339 1392 493 1436 anima4
522 1401 564 1436 in
592 1411 688 1436 naso
715 1411 814 1444 esse,
834 1398 987 1435 stabam
1006 1403 1196 1443 tanquam
1214 1402 1403 1435 mortuus.

206 1460 265 1497 At
290 1458 360 1496 ille
386 1460 680 1495 circumminxit
706 1459 945 1494 vestimenta
970 1469 1051 1502 sua,
1072 1460 1115 1493 et
1141 1456 1272 1493 subito
1289 1455 1406 1502 lupus

206 1517 335 1555 factus
373 1521 444 1554 est.
504 1516 641 1553 Nolite
678 1529 744 1553 me
781 1518 900 1552 iocari
936 1519 1098 1561 putare3
1139 1519 1186 1551 ut
1222 1517 1406 1561 mentiar,

207 1576 354 1613 nullius
374 1577 656 1622 patrimonium
676 1577 780 1611 tanti
796 1573 907 1611 facio.
967 1572 1059 1618 Sed,
1076 1572 1183 1619 quod
1197 1585 1405 1619 coeperam

206 1635 353 1679 dicere,
373 1638 583 1681 postquam
603 1633 719 1679 lupus
738 1632 866 1669 factus
886 1637 959 1677 est,
979 1631 1131 1668 ululare
1151 1633 1284 1676 coepit
1302 1635 1345 1668 et
1363 1633 1405 1668 in

207 1693 322 1731 silvas
360 1692 475 1739 fugit.
549 1691 636 1738 Ego
673 1693 856 1737 primitus
893 1690 1119 1727 nesciebam
1157 1689 1226 1726 ubi
1263 1701 1404 1736 essem,

206 1752 354 1790 deinde
369 1753 529 1796 accessi,
544 1755 590 1787 ut
605 1752 844 1787 vestimenta
858 1751 942 1786 eius
956 1748 1160 1785 tollerem:
1188 1746 1256 1783 illa
1269 1752 1405 1784 autem

206 1810 363 1857 lapidea
376 1810 482 1847 facta
496 1813 599 1846 sunt.
632 1807 712 1854 Qui
726 1810 826 1844 mori
840 1810 983 1844 timore
997 1808 1074 1843 nisi
1089 1805 1188 1851 ego?
1218 1805 1405 1842 Gladium

206 1874 341 1907 tamen
363 1870 503 1905 strinxi
524 1872 567 1904 et
592 1869 633 1903 in
658 1871 744 1903 tota
766 1858 852 1902 via⁵
870 1865 1029 1902 umbras
1049 1863 1187 1909 cecidi,
1207 1862 1335 1900 donec
1354 1863 1404 1900 ad

468 1946 583 1977 ¹illam
600 1945 810 1977 Buecheler:
832 1949 962 1976 autem.

468 1988 696 2020 ffbenemoria
715 1988 844 2020 Orelli:
866 1988 955 2018 bene
973 1987 1114 2018 moriar.

465 2031 597 2064 ³sedeo
611 2031 783 2073 Scheffer:
805 2030 879 2062 sed.

466 2075 610 2107 ‘anima
626 2074 816 2105 Muncker:
838 2074 871 2104 in
887 2073 1017 2104 animo.

466 2118 479 2137 ⁶
490 2119 524 2150 in
540 2122 617 2149 tota
634 2118 691 2149 via
704 2116 875 2158 Scheffer:
898 2116 1073 2148 matavita
1089 2119 1161 2146 tau.

321 2174 397 2207 114

1524 1373 1534 1382 A
1513 1022 1534 1364 Mxrth-r—
1520 990 1534 1012 Ἧι
1520 978 1530 982 ι
1525 958 1534 971 a
