1534 2470
140 1131 190 1168 83

430 188 592 228 TITUS
624 189 936 231 PETRONIUS
965 192 1206 231 ARBITER

212 267 455 316 phaecasiati
482 270 632 309 milites
664 272 930 310 ambulant?''
989 273 1088 311 Cum
1121 273 1270 312 deinde
1302 274 1416 312 vultu

213 344 334 387 atque
362 343 447 388 ipsa
475 342 745 388 trepidatione
771 343 1026 382 mendacium
1054 345 1328 392 prodidissem,
1348 358 1418 393 po-

213 424 310 450 nere
351 426 408 450 me
451 416 566 451 iussit
596 427 705 451 arma
736 420 780 452 et
811 415 917 453 malo
951 429 1101 454 cavere.
1162 417 1418 464 Despoliatus

214 496 323 530 ergo,
331 486 453 522 immo
467 488 644 531 praecisa
658 486 812 524 ultione
825 492 932 524 retro
947 487 998 524 ad
1013 487 1282 526 deversorium
1293 488 1419 526 tendo

213 555 486 603 paulatimque
507 561 738 595 temeritate
758 558 890 596 laxata
910 561 1023 606 coepi
1048 563 1279 606 grassatoris
1298 559 1418 597 auda-

213 629 298 664 ciae
316 630 464 673 gratias
483 641 603 674 agere
624 658 631 666 .
656 658 663 666 .
687 658 695 666 .

290 698 383 736 Non
403 699 517 737 bibet
535 702 642 738 inter
660 714 781 747 aquas
800 714 918 748 poma
936 707 1006 740 aut
1024 703 1245 749 pendentia
1264 706 1391 749 carpit

345 770 537 809 Tantalus
557 771 709 818 infelix,
731 786 851 819 quem
871 786 941 811 sua
958 779 1051 811 vota
1069 780 1268 821 premunt.

292 841 439 880 Divitis
458 842 558 880 haec
578 846 715 890 magni
736 844 857 882 facies
877 847 967 891 erit,
983 848 1115 883 omnia
1134 859 1302 884 cernens

348 916 416 960 qui
436 916 557 952 timet
577 919 620 952 et
640 917 743 953 sicco
763 919 979 963 concoquit
997 930 1065 955 ore
1084 917 1242 955 famem.
1266 947 1273 954 .
1298 946 1306 955 .
1329 946 1338 955 .

274 985 368 1023 Non
398 986 571 1023 multum
605 992 766 1033 oportet
796 988 960 1026 consilio
990 988 1166 1035 credere,
1194 992 1286 1035 quia
1315 1001 1424 1027 suam

219 1056 344 1095 habet
363 1057 524 1095 fortuna
544 1060 741 1096 rationem
763 1088 771 1095 .
795 1087 803 1096 .
827 1088 835 1095 .

276 1129 325 1166 In
359 1129 663 1175 pinacothecam
694 1132 860 1176 perveni
888 1133 995 1168 vario
1021 1143 1172 1177 genere
1200 1131 1422 1169 tabularum

218 1200 452 1238 mirabilem.
514 1201 618 1238 Nam
652 1205 697 1238 et
732 1201 928 1239 Zeuxidos
960 1215 1100 1240 manus
1133 1202 1214 1240 vidi
1246 1203 1424 1240 nondum

219 1274 432 1310 vetustatis
452 1274 595 1309 iniuria
615 1275 754 1319 victas,
776 1277 819 1310 et
839 1273 1074 1319 Protogenis
1091 1274 1318 1312 rudimenta
1337 1287 1427 1311 cum

220 1345 343 1390 ipsius
377 1348 547 1381 naturae
578 1347 750 1382 veritate
789 1347 985 1381 certantia
1023 1358 1104 1382 non
1142 1347 1227 1383 sine
1257 1345 1428 1392 quodam

221 1413 388 1452 horrore
427 1418 606 1452 tractavi.
682 1415 769 1452 Iam
809 1428 902 1453 vero
939 1415 1094 1462 Apellis
1131 1429 1250 1463 quam
1288 1416 1429 1460 Graeci

223 1485 314 1532 μονό
326 1502 468 1532 κνημον
499 1486 721 1533 appellant,
756 1489 879 1524 etiam
917 1487 1085 1524 adoravi.
1158 1487 1287 1525 Tanta
1323 1490 1429 1525 enim

228 1558 453 1596 subtilitate
474 1561 750 1596 extremitates
770 1561 988 1604 imaginum
1004 1564 1118 1596 erant
1136 1559 1187 1596 ad
1206 1559 1430 1596 similitudi-

225 1642 320 1668 nem
358 1631 570 1676 praecisae,
602 1634 648 1667 ut
693 1629 876 1667 crederes
921 1632 1042 1667 etiam
1085 1633 1306 1669 animorum
1343 1643 1429 1669 esse

221 1703 428 1748 picturam.
465 1701 576 1737 Hinc
591 1700 723 1746 aquila
738 1700 895 1738 ferebat
910 1701 1020 1738 caelo
1036 1701 1213 1739 sublimis
1234 1694 1428 1748 Idaeum,1

220 1771 331 1809 illinc
369 1771 565 1809 candidus
602 1771 731 1817 Hylas
770 1771 994 1818 repellebat
1030 1773 1250 1819 improbam
1288 1772 1426 1810 Naida.

221 1843 451 1881 Damnabat
480 1842 631 1889 Apollo
657 1844 794 1880 noxias
818 1855 959 1881 manus
984 1842 1190 1891 lyramque
1216 1843 1428 1882 resolutam

220 1914 341 1953 modo
361 1919 458 1952 nato
478 1913 573 1951 flore
600 1913 832 1951 honorabat.
893 1913 1006 1952 Inter
1031 1927 1129 1961 quos
1156 1917 1277 1952 etiam
1303 1917 1427 1961 picto-

219 1998 309 2024 rum
320 1987 540 2023 amantium
552 1984 685 2022 vultus
697 1989 889 2031 tanquam
899 1987 943 2023 in
956 1985 1172 2024 solitudine
1185 1985 1273 2024 excl
1279 1987 1424 2023 amavi‘

360 2135 384 2176 6
581 2084 587 2102 '
604 2083 748 2117 1daeum
774 2084 895 2117 Wehl:
909 2083 1026 2120 deum.

333 2140 350 2175 1
387 2140 412 2174 4·
