1534 2470
469 168 631 208 TITUS
662 169 973 209 PETRONIUS
998 169 1242 208 ARBITER

357 253 465 287 rates
483 253 530 286 ut
548 249 654 286 altae
673 249 863 287 lateribus
883 262 1041 296 spumas
1059 254 1196 296 agunt.

361 304 444 342 Dat
463 304 588 341 cauda
607 307 794 350 sonitum,
814 304 963 342 liberae
981 298 1121 352 pontol
1141 306 1258 344 iubae

359 363 619 397 consentiunt
636 360 865 406 luminibus,
885 359 1123 398 fulmineum
1142 361 1254 398 iubar

359 415 541 453 incendit
559 427 707 461 aequor
725 415 928 461 sibilisque
947 415 1079 453 undae
1098 415 1287 454 fremunt.

359 471 559 517 Stupuere
578 475 748 508 mentes.
808 469 950 508 Infulis
970 471 1130 508 stabant
1148 474 1246 509 sacri

362 525 614 572 Phrygioque
635 525 746 563 cultu
763 528 926 572 gemina
943 529 1029 563 nati
1047 528 1214 573 pignora

362 580 578 618 Lauconte.
637 579 748 627 Quos
766 585 936 627 repente
955 582 1179 627 tergoribus
1197 581 1328 627 ligant

359 649 512 682 angues
531 639 691 674 corusci.
752 635 935 674 Parvulas
955 636 1013 674 illi
1031 649 1171 674 manus

360 691 411 728 ad
431 704 498 728 ora
516 691 710 737 referunt,
730 696 876 728 neuter
893 691 1039 729 auxilio
1058 692 1145 738 sibi,

360 752 531 792 uterque
550 746 683 783 fratri:
711 746 918 784 transtulit
935 749 1063 792 pietas
1082 749 1187 784 vices

361 814 546 847 morsque
565 804 650 847 ipsa
667 804 831 838 miseros
850 806 990 839 mutuo
1009 801 1143 848 perdit
1160 806 1283 839 metu.

361 856 602 894 Accumulat
621 869 715 893 ecce
734 856 905 893 liberum
924 855 1043 894 funus
1062 869 1218 903 parens,

360 912 538 949 infirmus
556 911 774 949 auxiliator.
833 911 1035 948 Invadunt
1052 914 1180 949 virum

361 970 440 1005 iam
459 971 588 1004 morte
608 969 711 1013 pasti
729 967 987 1013 membraque
1005 966 1057 1004 ad
1074 971 1222 1004 terram
1242 965 1417 1004 trahunt.

364 1022 474 1059 Iacet
492 1022 675 1059 sacerdos
693 1024 800 1059 inter
818 1034 903 1059 aras
923 1024 1083 1059 victima

361 1083 589 1123 terramque
610 1077 774 1123 plangit.
835 1076 900 1114 Sic
919 1076 1137 1122 profanatis
1156 1078 1274 1114 sacris

362 1135 539 1180 peritura
557 1132 673 1169 Troia
692 1131 868 1178 perdidit
886 1134 1058 1178 primum
1077 1131 1183 1169 deos.

417 1187 502 1224 Iam
521 1187 642 1233 plena
662 1186 822 1224 Phoebe
842 1186 1056 1223 candidum
1075 1186 1275 1224 extulerat
1293 1186 1405 1223 iubar

361 1245 515 1280 minora
533 1242 684 1279 ducens
703 1246 808 1279 astra
826 1241 997 1279 radianti
1017 1241 1116 1287 face,

363 1311 454 1335 cum
473 1301 581 1335 inter
599 1297 777 1343 sepultos
798 1296 1013 1334 Priamidas
1032 1301 1152 1333 nocte
1171 1300 1214 1333 et
1231 1308 1342 1333 mero

364 1353 494 1391 Danai
512 1352 695 1390 relaxant
714 1351 884 1389 claustra
903 1357 946 1388 et
965 1351 1176 1389 effundunt
1194 1354 1307 1388 viros.

362 1409 582 1454 Temptant
599 1410 642 1444 in
661 1410 778 1444 armis
798 1419 840 1444 se
860 1406 994 1452 duces,
1015 1419 1087 1443 ceu
1107 1406 1175 1443 ubi
1194 1405 1298 1443 solet

362 1463 468 1501 nodo
488 1465 672 1500 remissus
691 1461 871 1499 Thessali
889 1461 1113 1507 quadrupes
1132 1463 1215 1506 iugi

362 1521 558 1556 cervicem
578 1522 621 1554 et
639 1517 738 1554 altas
758 1521 923 1563 quatere
942 1516 992 1553 ad
1013 1529 1221 1553 excursum
1239 1516 1361 1553 iubas.

363 1573 527 1611 Gladios
546 1577 779 1617 retractant,
799 1576 1051 1608 commovent
1069 1571 1184 1607 orbes
1202 1583 1323 1607 manu

362 1628 594 1674 bellumque
614 1631 786 1664 sumunt.
848 1627 928 1663 Hic
947 1638 1087 1672 graves
1106 1625 1204 1662 alius
1223 1637 1334 1662 mero

362 1684 576 1721 obtruncat
595 1687 638 1719 et
657 1684 866 1718 continuat
885 1683 926 1717 in
946 1685 1117 1718 mortem
1136 1680 1318 1717 ultimam

362 1751 533 1783 somnos,
554 1738 604 1774 ab
623 1739 699 1774 aris
718 1736 817 1773 alius
836 1735 1021 1773 accendit
1040 1734 1146 1772 faces

362 1798 580 1838 contraque
599 1792 720 1828 Troas
739 1794 898 1827 invocat
916 1790 1056 1827 Troiae
1076 1789 1222 1827 sacra.”
1245 1818 1254 1827 .
1277 1818 1284 1826 .
1309 1817 1317 1826 .

173 1871 223 1908 90
243 1866 278 1904 L
337 1857 342 1911 Ι
373 1865 433 1901 Ex
462 1866 507 1910 is,
537 1865 604 1909 qui
630 1865 672 1899 in
698 1862 914 1908 porticibus
934 1861 1219 1907 spatiabantur,
1238 1859 1390 1906 lapides
1408 1862 1450 1898 in

252 1920 493 1966 Eumolpum
519 1921 758 1955 recitantem
784 1919 989 1953 miserunt.
1055 1916 1113 1952 At
1139 1915 1221 1961 ille,
1247 1918 1314 1961 qui
1339 1914 1449 1961 plau-

251 1989 339 2014 sum
366 1975 519 2020 ingenii
539 1975 598 2010 sui
618 1976 796 2017 noverat,
816 1973 974 2017 operuit
993 1975 1112 2016 caput
1132 1975 1322 2016 extraque
1348 1974 1450 2007 tem-

317 2072 328 2093 ¹
340 2076 452 2115 ponto
468 2071 674 2110 Sambucus,
698 2069 907 2101 Tornaesius
918 2080 932 2100 .·
946 2072 1090 2110 pontem
1108 2068 1157 2100 L:
1174 2071 1320 2109 pontum
1337 2066 1381 2098 0.

364 2127 439 2163 178

1520 2303 1534 2470 humanum-A
1527 2258 1534 2291 -κ,
