1534 2470
460 204 622 245 TITUS
653 206 965 247 PETRONIUS
994 209 1235 248 ARBITER

241 289 408 331 vestem,
430 286 716 334 amplexusque
736 290 815 325 iam
835 290 1064 335 mitigatum
1087 290 1232 327 osculis
1253 294 1444 336 tanquam

240 347 431 387 fomentis
468 362 678 396 aggressus
712 356 775 389 est
808 356 851 389 et
885 342 962 389 “in
995 352 1096 390 tua”
1132 356 1266 399 inquit
1297 344 1447 400 “pater

241 415 453 459 carissime,
483 415 525 450 in
560 418 629 451 tua
661 427 796 452 sumus
828 415 1017 453 custodia.
1078 416 1120 455 Si
1152 417 1301 454 Gitona
1330 421 1445 454 tuum

240 489 361 522 amas,
374 479 506 523 incipe
520 477 623 514 velle
636 491 802 515 servare.
865 479 1031 516 Utinam
1042 493 1108 516 me
1121 479 1248 517 solum
1262 482 1444 518 inimicus

241 541 345 585 ignis
378 539 558 578 hauriret
592 541 653 578 vel
688 540 902 578 hibernum
935 542 1144 580 invaderet
1177 556 1296 580 mare.
1358 542 1444 588 Ego

242 605 350 640 enim
370 606 550 640 omnium
575 604 772 641 scelerum
798 608 979 651 materia,
999 618 1075 652 ego
1102 619 1218 643 causa
1244 619 1342 644 sum.
1403 606 1440 643 Si

239 668 424 713 perirem,
441 669 674 705 conveniret
693 668 893 705 inimicis”
917 697 924 705 .
949 697 956 705 .
980 697 989 705 .

158 733 211 773 99
296 719 321 737 “
334 742 411 776 ego
429 732 485 767 sic
505 743 663 777 semper
682 736 724 768 et
750 732 898 777 ubique
918 734 1011 778 vixi,
1030 736 1077 769 ut
1099 731 1282 769 ultimam
1308 745 1444 778 quam·

240 806 318 840 que
337 792 470 830 lucem
488 798 680 840 tanquam
699 807 780 831 non
799 794 1017 832 redituram
1037 808 1312 832 consumerem
1324 795 1347 808 ''
1369 823 1378 833 .
1401 825 1410 833 .
1433 825 1440 832 .

294 856 462 903 profusis
475 869 551 903 ego
565 857 735 894 lacrimis
751 871 847 904 rogo
862 871 1102 904 quaesoque,
1114 863 1161 896 ut
1174 871 1332 896 mecum
1347 871 1443 905 quo-

240 933 318 966 que
338 919 478 957 redeat
498 923 539 957 in
558 923 748 966 gratiam:
777 934 910 967 neque
931 924 1039 959 enim
1058 924 1100 958 in
1115 924 1335 959 amantium
1356 934 1442 959 esse

240 983 442 1026 potestate
473 978 660 1016 furiosam
690 979 1010 1017 aemulationem.
1077 979 1276 1017 Daturum
1306 985 1442 1018 tamen

241 1050 416 1084 operam,
436 1050 488 1074 ne
509 1042 578 1074 aut
598 1037 728 1074 dicam
747 1043 817 1075 aut
843 1037 985 1074 faciam
1011 1037 1193 1084 amplius,
1213 1051 1292 1084 quo
1316 1041 1442 1085 possit

240 1095 398 1133 offendi.
458 1095 634 1133 Tantum
665 1109 825 1133 omnem
862 1096 1155 1133 scabitudinem
1186 1099 1320 1134 animo
1353 1102 1441 1134 tan-

240 1168 360 1202 quam
381 1155 571 1192 bonarum
590 1157 736 1192 artium
754 1157 945 1200 magister
964 1154 1121 1192 deleret
1139 1157 1224 1192 sine
1243 1157 1439 1193 cicatrice.

242 1204 266 1221 “
281 1212 449 1250 Incultis
467 1216 695 1259 asperisque
714 1214 943 1259 regionibus
962 1213 1111 1250 diutius
1130 1216 1242 1250 nives
1259 1213 1441 1260 haerent,

240 1277 303 1309 ast
330 1272 399 1309 ubi
427 1276 557 1309 aratro
587 1271 812 1308 domefacta
841 1271 961 1309 tellus
991 1274 1109 1318 nitet,
1131 1271 1228 1308 dum
1255 1271 1441 1318 loqueris,

241 1330 339 1368 levis
357 1333 500 1376 pruina
519 1329 717 1367 dilabitur.
763 1329 956 1368 Similiter
974 1333 1016 1366 in
1034 1330 1262 1376 pectoribus
1276 1332 1334 1367 ira
1347 1342 1441 1367 con-

241 1389 355 1427 sidit:
379 1388 483 1426 feras
501 1388 665 1434 quidem
684 1393 842 1426 mentes
862 1388 1032 1434 obsidet,
1052 1387 1227 1426 eruditas
1246 1387 1440 1434 praelabi-

240 1447 344 1486 tur.''
404 1437 502 1485 “Ut
539 1450 636 1484 scias
650 1447 672 1460 ’'
708 1449 840 1493 inquit
877 1446 1094 1492 Eumolpus
1129 1437 1303 1483 “verum
1340 1459 1439 1492 esse,

240 1505 348 1553 quod
367 1505 478 1551 dicis,
499 1518 592 1543 ecce
612 1508 734 1543 etiam
753 1505 887 1542 osculo
901 1508 999 1542 iram
1015 1505 1117 1541 finio.
1162 1503 1318 1551 Itaque,
1333 1504 1439 1550 quod

243 1566 346 1602 bene
366 1567 538 1610 eveniat,
555 1563 743 1610 expedite
764 1563 977 1601 sarcinulas
997 1568 1040 1600 et
1058 1562 1121 1600 vel
1145 1565 1355 1608 sequimini
1374 1575 1439 1600 me

241 1623 319 1668 vel,
351 1625 384 1660 si
421 1622 619 1668 mavultis,
654 1621 828 1659 ducite.’'
886 1621 1032 1658 Adhuc
1069 1620 1319 1667 loquebatur,
1349 1633 1439 1658 cum

240 1684 397 1729 crepuit
425 1683 570 1718 ostium
598 1680 825 1726 impulsum,
852 1682 1046 1725 stetitque
1074 1681 1116 1716 in
1143 1678 1281 1716 limine
1309 1679 1440 1716 barbis

241 1740 495 1778 horrentibus
523 1743 646 1775 nauta
681 1743 724 1775 et
760 1728 960 1775 “moraris
973 1737 995 1750 ’¹
1031 1739 1163 1783 inquit
1191 1727 1216 1744 “
1230 1736 1439 1783 Eumolpe,

239 1804 431 1845 tanquam
462 1796 701 1844 propudium
732 1795 930 1842 ignores.’'
990 1794 1114 1832 Haud
1146 1807 1268 1840 mora,
1301 1807 1439 1832 omnes

239 1859 525 1902 consurgimus,
546 1860 589 1892 et
613 1854 830 1900 Eumolpus
854 1853 1017 1900 quidem
1038 1855 1357 1890 mercennarium
1375 1865 1438 1889 su-

239 1928 306 1953 um
336 1917 415 1951 iam
444 1913 538 1950 olim
569 1911 836 1949 dormientem
866 1915 974 1949 exire
1004 1924 1095 1949 cum
1123 1913 1284 1948 sarcinis
1312 1910 1435 1947 iubet.

239 1973 326 2020 Ego
357 1985 447 2009 cum
479 1971 628 2008 Gitone
658 1970 846 2016 quicquid
878 1974 976 2016 erat,
996 1972 1038 2007 in
1067 1961 1158 2007 iterl
1180 1981 1373 2015 compono
1397 1973 1439 2005 et

237 2031 410 2069 adoratis
430 2029 624 2068 sideribus
644 2030 750 2065 intro
770 2031 971 2073 navigium
992 2056 1000 2066 .
1023 2057 1031 2064 .
1055 2057 1063 2065 .

616 2104 624 2122 ¹
637 2104 703 2135 iter
717 2104 911 2136 Buecheler
922 2114 936 2137 .·
950 2104 1053 2135 alter.

349 2161 425 2202 198
