1534 2470
461 200 623 242 TITUS
655 201 966 243 PETRONIUS
995 200 1236 242 ARBITER

242 281 462 329 laesissent,
486 286 619 321 satiari
644 288 782 322 tamen
807 286 1036 331 potuissetis
1058 284 1134 322 hac
1159 298 1301 332 poena,
1327 297 1446 332 quam

244 349 397 387 videtis.
457 349 627 388 Servitia
650 364 743 389 ecce
770 353 813 388 in
835 350 1033 389 frontibus
1059 355 1221 390 cernitis
1247 357 1290 390 et
1314 351 1445 389 vultus

241 418 437 462 ingenuos
456 416 679 454 voluntaria
696 430 915 464 poenarum
933 417 1025 464 lege
1044 418 1322 471 proscriptos.''
1380 417 1446 455 In-

243 483 472 530 terpellavit
487 483 813 530 deprecationem
832 478 1030 532 supplicii1
1052 484 1195 522 Lichas
1215 489 1258 522 et
1277 475 1302 493 “
1315 484 1408 522 Noli
1421 483 1444 497 ''

242 552 374 596 inquit
381 540 408 558 “
415 563 573 588 causam
581 550 842 597 confundere,
850 551 921 588 sed
929 554 1088 598 impone
1097 551 1263 598 singulis
1270 550 1443 588 modum.

244 616 305 654 Ac
323 619 495 663 primum
515 619 706 663 omnium,
726 620 758 654 si
784 617 890 654 ultro
915 623 1127 664 venerunt,
1150 630 1220 655 cur
1244 617 1445 655 nudavere

244 683 417 721 crinibus
436 684 592 730 capita?
619 683 787 721 Vultum
802 686 910 721 enim
936 687 1004 730 qui
1030 689 1245 731 permutat,
1265 683 1446 722 fraudem

244 751 370 794 parat,
384 760 466 784 non
481 746 802 784 satisfactionem.
863 747 1037 794 Deinde,
1050 750 1083 785 si
1096 750 1266 794 gratiam
1278 761 1301 784 a
1311 747 1446 794 legato

243 810 523 856 moliebantur,
543 810 640 856 quid
665 813 722 848 ita
745 813 877 847 omnia
903 810 1047 856 fecisti,
1072 816 1120 848 ut
1142 824 1240 857 quos
1258 810 1447 857 tuebaris,

243 873 536 911 absconderes?
557 873 617 910 Ex
637 886 716 919 quo
735 878 903 920 apparet
918 886 1010 911 casu
1032 873 1218 911 incidisse
1244 876 1382 911 noxios
1404 876 1446 911 in

243 936 380 983 plagas
413 941 456 974 et
488 941 531 974 te
564 941 692 974 artem
723 939 936 982 quaesisse,
968 950 1046 983 qua
1077 942 1236 974 nostrae
1269 936 1446 974 animad-

244 1002 433 1037 versionis
445 1002 641 1046 impetum
654 999 847 1037 eluderes.
907 999 1011 1036 Nam
1027 999 1133 1046 quod
1147 999 1336 1037 invidiam
1350 998 1448 1037 facis

243 1063 357 1100 nobis
376 1065 572 1109 ingenuos
592 1062 860 1109 honestosque
876 1062 1097 1109 clamando,
1110 1062 1215 1108 vide,
1230 1075 1282 1100 ne
1298 1062 1446 1100 deteri-

243 1139 353 1163 orem
379 1125 498 1163 facias
529 1125 770 1162 confidentia
800 1138 967 1163 causam.
1028 1124 1136 1172 Quid
1167 1125 1320 1163 debent
1349 1125 1445 1163 laesi

243 1189 388 1235 facere,
407 1189 476 1226 ubi
495 1191 553 1226 rei
571 1188 623 1225 ad
645 1201 815 1235 poenam
841 1188 1108 1234 confugiunt?
1128 1188 1185 1226 At
1204 1191 1311 1226 enim
1330 1190 1446 1226 amici

244 1251 409 1289 fuerunt
433 1254 578 1290 nostri:
606 1264 654 1289 eo
679 1254 826 1288 maiora
854 1256 1089 1289 meruerunt
1114 1251 1326 1298 supplicia3
1351 1265 1444 1288 nam

244 1318 312 1362 qui
335 1318 492 1362 ignotos
515 1315 654 1361 laedit,
680 1314 783 1352 latro
805 1314 1043 1361 appellatur,
1063 1317 1130 1361 qui
1150 1317 1310 1360 amicos,
1327 1314 1445 1361 paulo

242 1381 373 1416 minus
393 1391 511 1424 quam
530 1377 763 1424 parricida.”
824 1377 1000 1415 Resolvit
1024 1377 1238 1424 Eumolpos
1261 1382 1345 1415 tam
1370 1379 1445 1414 ini-

243 1455 362 1488 quam
395 1441 728 1479 declamationem
761 1446 804 1478 et
841 1431 868 1448 “
882 1440 1081 1487 Intellego
1094 1440 1116 1453 '¹
1147 1443 1279 1487 inquit
1306 1431 1443 1478 “nihil

243 1507 368 1551 magis
388 1504 527 1541 obesse
546 1504 754 1541 iuvenibus
774 1506 940 1549 miseris,
960 1516 1078 1549 quam
1102 1503 1209 1549 quod
1234 1508 1353 1540 nocte
1372 1503 1442 1541 de-

242 1571 462 1615 posuerunt
482 1566 668 1613 capillos:
689 1566 764 1604 hoc
787 1571 1025 1612 argumento
1048 1565 1233 1603 incidisse
1256 1566 1443 1604 videntur

242 1634 284 1669 in
302 1644 460 1676 navem,
479 1643 560 1667 non
580 1632 746 1667 venisse.
807 1629 927 1676 Quod
946 1629 1066 1667 velim
1089 1634 1173 1667 tam
1196 1629 1364 1667 candide
1389 1629 1441 1667 ad

240 1707 356 1732 aures
374 1699 524 1731 vestras
543 1695 764 1740 perveniat,
785 1706 903 1739 quam
926 1692 1159 1739 simpliciter
1180 1697 1340 1739 gestum
1365 1697 1438 1731 est-

242 1757 465 1795 Voluerunt
492 1759 600 1794 enim
625 1761 842 1801 antequam
870 1755 1199 1801 conscenderent,
1226 1768 1440 1793 exonerare

240 1823 369 1867 capita
399 1819 570 1856 molesto
600 1823 644 1856 et
673 1831 916 1864 supervacuo
948 1818 1139 1864 pondere,
1172 1817 1244 1856 sed
1276 1818 1442 1856 celerior

239 1888 382 1921 ventus
420 1882 578 1919 distulit
615 1883 828 1918 curationis
865 1884 1120 1927 propositum.
1180 1881 1266 1918 Nec
1302 1886 1439 1918 tamen

237 1950 481 1994 putaverunt
513 1944 564 1981 ad
597 1957 683 1981 rem
716 1946 933 1990 pertinere,
964 1944 1032 1980 ubi
1065 1946 1301 1990 inciperent,
1332 1942 1438 1989 quod

238 2010 440 2058 placuerat
458 2012 505 2045 ut
524 2007 652 2053 fieret,
667 2009 760 2053 quia
778 2019 853 2044 nec
873 2019 993 2044 omen
1011 2019 1087 2044 nec
1103 2006 1235 2053 legem
1249 2009 1437 2054 navigan-

522 2099 532 2118 ¹
544 2099 707 2141 supplicii
723 2098 936 2131 Buecheler:
951 2097 1132 2141 supplicis·

345 2158 390 2191 21
401 2157 423 2190 8
