1534 2470
148 1831 199 1871 68

447 207 609 246 TITUS
640 207 952 245 PETRONIUS
982 206 1222 244 ARBITER

227 292 271 326 et
295 287 509 325 reticulum
528 300 706 334 aureum,
725 300 847 334 quem
875 300 924 324 ex
953 287 1115 325 obrussa
1142 300 1229 325 esse
1257 286 1427 325 dicebat.

228 350 394 389 Notavit
431 350 531 389 haec
562 351 803 388 Trimalchio
836 353 1029 397 iussitque
1059 349 1189 388 afferri
1222 352 1356 388 omnia
1387 354 1431 388 et

229 405 418 452 “Videtis
428 414 450 427 ”
467 417 599 461 inquit
615 405 824 452 “mulieris
843 414 1076 461 compedes:
1097 417 1151 452 sic
1164 427 1236 452 nos
1250 413 1430 451 barcalae

226 478 503 525 despoliamur.
554 478 633 516 Sex
663 478 797 524 pondo
826 483 870 515 et
899 477 1085 515 selibram
1115 477 1240 515 debet
1268 477 1428 515 habere.

229 542 282 580 Et
301 544 387 588 ipse
406 541 533 578 nihilo
552 544 684 579 minus
703 541 832 579 habeo
853 541 995 578 decem
1014 541 1148 588 pondo
1166 540 1360 578 armillam
1381 553 1430 578 ex

228 605 448 643 millesimis
463 605 653 642 Mercurii
668 604 852 642 factam.”
886 604 1040 642 Ultimo
1054 607 1188 650 etiam,
1201 617 1254 642 ne
1269 606 1430 641 mentiri

227 669 442 714 videretur,
469 673 660 706 stateram
689 671 803 705 iussit
830 667 959 705 afferri
988 672 1031 705 et
1059 667 1335 705 circumlatum
1361 680 1431 714 ap-

229 733 386 779 probari
405 732 570 779 pondus.
613 732 700 769 Nec
714 731 856 769 melior
875 731 1069 777 Scintilla,
1085 744 1187 777 quae
1206 731 1258 769 de
1278 734 1431 769 cervice

229 809 299 833 sua
329 795 542 842 capsellam
575 795 751 833 detraxit
787 794 1000 841 aureolam,
1032 807 1151 840 quam
1189 794 1431 832 Felicionem

228 859 467 906 appellabat.
520 858 620 896 Inde
641 858 720 895 duo
741 858 904 895 crotalia
930 857 1098 904 protulit
1117 862 1161 895 et
1190 857 1432 895 Fortunatae

230 921 274 956 in
293 921 421 955 vicem
437 917 724 955 consideranda
739 917 853 954 dedit
868 921 911 954 et
927 908 950 924 ‘⁶
961 917 1156 959 Domini'’
1173 919 1304 963 inquit
1319 907 1432 954 “mei

230 981 425 1019 beneficio
444 994 564 1019 nemo
584 981 708 1018 habet
727 980 930 1018 meliora.”
974 971 1173 1027 “Quid?”
1194 983 1326 1027 inquit
1346 981 1431 1018 Ha-

230 1045 372 1082 binnas
393 1034 715 1081 “excatarissasti
734 1056 812 1089 me,
833 1047 880 1080 ut
907 1043 982 1080 tibi
1011 1056 1186 1080 emerem
1214 1042 1347 1081 fabam
1374 1046 1431 1081 vi-

231 1113 369 1145 tream.
432 1106 554 1144 Plane
575 1109 607 1144 si
627 1106 748 1143 filiam
768 1106 970 1152 haberem,
990 1105 1183 1143 auriculas
1202 1106 1261 1143 illi
1279 1109 1430 1152 praeci-

229 1171 378 1209 derem.
430 1170 621 1207 Mulieres
641 1172 672 1206 si
692 1182 774 1206 non
794 1174 941 1215 essent,
962 1171 1095 1206 omnia
1113 1182 1185 1215 pro
1203 1169 1290 1207 luto
1307 1169 1429 1207 habe-

228 1246 381 1278 remus;
424 1246 531 1270 nunc
568 1233 644 1270 hoc
683 1238 744 1270 est
782 1232 940 1270 caldum
978 1235 1127 1270 meiere
1161 1237 1204 1270 et
1240 1232 1430 1278 frigidum

230 1297 407 1344 potare.”

287 1360 455 1398 Interim
474 1360 661 1397 mulieres
677 1362 831 1396 sauciae
851 1362 958 1396 inter
972 1372 1014 1396 se
1029 1361 1203 1397 riserunt
1217 1359 1430 1406 ebriaeque

230 1423 446 1457 iunxerunt
493 1418 638 1463 oscula,
681 1418 777 1455 dum
824 1417 950 1454 altera
997 1417 1247 1464 diligentiam
1293 1421 1430 1456 matris

232 1479 403 1516 familiae
433 1481 567 1523 iactat,
598 1477 724 1514 altera
752 1476 914 1514 delicias
944 1481 987 1514 et
1021 1476 1316 1522 indiligentiam
1343 1480 1426 1514 viri.

233 1538 420 1584 Dumque
441 1540 495 1574 sic
523 1536 753 1581 cohaerent,
776 1536 987 1572 Habinnas
1015 1535 1154 1572 furtim
1182 1539 1430 1574 consurrexit

230 1597 433 1644 pedesque
455 1596 696 1632 Fortunatae
717 1599 918 1640 correptos
937 1607 1056 1640 super
1073 1594 1224 1632 lectum
1251 1597 1426 1633 immisit.

231 1646 328 1692 “Au
356 1655 436 1691 au”
473 1654 541 1690 illa
578 1653 835 1700 proclamavit
877 1653 1088 1690 aberrante
1131 1656 1268 1690 tunica
1311 1666 1429 1700 super

229 1727 371 1760 genua.
404 1713 630 1759 Composita
645 1724 740 1757 ergo
759 1714 801 1748 in
820 1714 972 1757 gremio
987 1711 1191 1749 Scintillae
1206 1714 1428 1750 incensissi-

229 1764 357 1810 mam1
378 1772 520 1808 rubore
540 1771 683 1808 faciem
703 1770 859 1807 sudario
879 1770 1095 1807 abscondit.

286 1831 528 1876 Interposito
567 1829 714 1866 deinde
753 1831 880 1874 spatio
918 1842 1009 1865 cum
1047 1828 1239 1866 secundas
1271 1842 1428 1867 mensas

229 1888 469 1927 Trimalchio
503 1890 681 1925 iussisset
710 1886 853 1932 afferri,
882 1887 1130 1924 sustulerunt
1158 1890 1260 1924 servi
1289 1901 1427 1925 omnes

227 1961 384 1986 mensas
405 1952 448 1984 et
473 1946 568 1984 alias
587 1945 823 1991 attulerunt,
845 1947 1084 1992 scobemque
1104 1959 1217 1983 croco
1237 1951 1280 1983 et
1304 1949 1427 1983 minio

227 2011 395 2045 tinctam
415 2009 645 2052 sparserunt
674 2009 728 2050 et,
758 2004 865 2050 quod
894 2017 1097 2050 nunquam
1123 2010 1218 2042 ante
1237 2005 1426 2052 videram,

400 2096 704 2129 ¹incensissimam
722 2095 932 2130 Reinesius:
955 2095 1122 2127 indecens
1138 2096 1259 2127 imam.

339 2153 414 2187 128

1524 1762 1527 1763 ¹
1525 1656 1534 1740 ...m-„n-
