1534 2470
211 275 257 313 H

185 1399 233 1436 57

485 195 647 236 TITUS
679 196 990 236 PETRONIUS
1019 196 1260 236 ARBITER

351 267 358 323 Ι
378 275 463 315 Iam
483 280 606 316 etiam
625 277 882 325 philosophos
901 278 953 316 de
971 281 1136 325 negotio
1151 278 1364 324 deiciebat,
1378 289 1469 315 cum

264 359 429 404 pittacia
448 360 491 395 in
509 358 660 405 scypho
680 358 925 396 circumferri
948 363 1180 406 coeperunt,
1201 370 1380 405 puerque
1405 370 1470 395 su-

265 450 337 484 per
351 437 427 475 hoc
442 441 594 485 positus
607 439 778 476 officium
789 438 1035 486 apophoreta
1047 441 1240 476 recitavit.
1286 427 1469 484 “Argen-

265 522 352 555 tum
391 518 686 556 sceleratum’':
734 518 855 556 allata
902 524 965 558 est
1010 532 1147 566 perna,
1186 531 1306 565 super
1351 530 1470 564 quam

265 598 474 636 acetabula
513 603 629 636 erant
666 601 805 646 posita.
867 589 891 606 “
905 598 1136 636 Cervical’¹:
1184 598 1271 635 offla
1315 597 1469 635 collaris

264 677 385 715 allata
404 682 476 716 est.
524 668 548 686 “
562 678 758 726 Serisapia
777 683 821 716 et
843 677 1140 716 contumelia”:
1175 677 1392 725 xerophagi
1420 689 1468 715 ex

264 750 380 805 sapa¹
407 758 526 796 datae
555 764 650 796 sunt
687 763 731 796 et
768 763 910 796 contus
943 771 1035 796 cum
1067 758 1182 795 malo.
1242 748 1268 766 “
1281 757 1390 795 Porri
1427 761 1469 794 et

264 840 416 885 persica
430 838 475 875 ”z
503 837 706 884 flagellum
736 843 779 876 et
798 838 971 876 cultrum
989 840 1165 885 accepit;
1195 827 1409 884 “passeres
1428 841 1472 874 et

264 917 558 955 muscarium’':
588 931 705 955 uvam
724 931 879 964 passam
899 923 942 956 et
961 917 1042 955 mel
1061 917 1255 955 Atticum.
1306 907 1333 925 “
1344 917 1470 955 Cena-

264 1000 366 1035 toria
384 1002 428 1035 et
446 997 671 1035 forensia”:
692 998 820 1035 offlam
840 1003 883 1036 et
901 997 1056 1035 tabulas
1069 1000 1235 1044 accepit.
1285 987 1312 1005 “
1324 996 1470 1035 Canale

265 1081 309 1114 et
334 1075 534 1122 pedale”:
554 1076 668 1123 lepus
688 1081 732 1114 et
757 1076 864 1114 solea
891 1081 953 1113 est
978 1076 1108 1113 allata.
1168 1066 1400 1113 “Muraena
1425 1079 1469 1113 et

264 1155 454 1194 littera’':
488 1169 644 1193 murem
670 1169 761 1193 cum
791 1169 886 1193 rana
911 1155 1074 1201 alligata
1098 1155 1326 1201 fascemque
1349 1155 1468 1192 betae

263 1229 450 1282 accepit.²
486 1235 567 1272 Diu
604 1238 779 1273 risimus:
817 1239 1006 1273 sexcenta
1036 1234 1262 1272 huiusmodi
1291 1233 1467 1280 fuerunt,

264 1328 365 1362 quae
385 1318 464 1352 iam
485 1315 722 1353 exciderunt
741 1318 956 1353 memoriae
976 1328 1101 1352 meae.

321 1395 511 1433 Ceterum
549 1395 748 1442 Ascyltos,
786 1398 1092 1442 intemperantis
1139 1394 1339 1441 licentiae,
1377 1407 1467 1431 cum

264 1478 397 1512 omnia
417 1475 583 1512 sublatis
602 1475 784 1512 manibus
805 1474 989 1512 eluderet
1008 1479 1052 1512 et
1070 1487 1195 1520 usque
1218 1473 1270 1511 ad
1287 1473 1468 1511 lacrimas

263 1555 425 1601 rideret,
445 1568 548 1592 unus
578 1568 626 1592 ex
653 1554 882 1592 conlibertis
910 1553 1211 1591 Trimalchionis
1240 1553 1466 1599 excanduit,

262 1638 295 1672 is
323 1637 408 1681 ipse
437 1637 505 1680 qui
534 1647 652 1681 supra
679 1616 758 1671 mc‘
774 1634 1062 1680 discumbebat,
1091 1638 1135 1671 et
1158 1623 1304 1679 “Quid
1322 1632 1463 1670 rides’'

261 1720 394 1764 inquit
414 1708 439 1725 “
451 1717 626 1754 vervex?
660 1717 726 1754 An
745 1717 819 1754 tibi
839 1729 920 1753 non
939 1716 1102 1762 placent
1119 1715 1300 1752 lautitiae
1315 1714 1465 1752 domini

261 1798 365 1835 mei?
422 1797 484 1834 Tu
511 1799 619 1834 enim
642 1797 795 1833 beatior
814 1809 856 1833 es
879 1801 922 1833 et
946 1799 1155 1833 convivare
1181 1795 1323 1832 melius
1349 1794 1462 1832 soles.

264 1877 326 1915 Ita
351 1876 522 1914 tutelam
550 1876 667 1913 huius
696 1875 773 1912 loci
801 1875 971 1912 habeam
999 1877 1224 1921 propitiam,
1253 1878 1300 1911 ut
1328 1886 1404 1920 ego
1431 1876 1463 1911 si

261 1956 481 1995 secundum
500 1955 614 1992 illum
635 1955 938 2000 discumberem,
959 1956 1037 1991 iam
1057 1954 1114 1991 illi
1134 1953 1311 1991 balatum
1331 1953 1462 1991 duxis-

319 2035 331 2056 ¹
345 2035 546 2077 xerophagi
563 2046 608 2066 ex
623 2045 716 2076 sapa
732 2034 766 2065 F
765 2034 1003 2065 riedlaender:
1022 2033 1265 2075 aecrophagie
1279 2033 1388 2066 saele.

318 2085 484 2129 ’accepit
500 2086 618 2118 added
630 2086 673 2127 by
686 2085 888 2117 Buecheler.

373 2151 450 2184 100
