1500 2470
437 205 600 244 TITUS
633 205 943 245 PETRONIUS
972 206 1211 244 ARBITER

215 298 422 331 summam,
443 299 583 332 parum
610 286 668 323 illi
694 287 799 323 bona
824 286 916 324 lana
941 287 1198 332 nascebatur3
1226 289 1371 326 arietes
1395 301 1420 325 a

214 359 390 398 Tarento
406 363 517 407 emit,
533 366 576 398 et
591 374 659 398 eos
675 361 822 399 culavit
837 364 879 398 in
893 374 1071 408 gregem.
1131 362 1216 400 Mel
1235 362 1419 400 Atticum

214 439 260 471 ut
289 434 398 472 domi
431 440 675 482 nasceretur,
706 449 802 483 apes
835 437 885 474 ab
916 436 1090 475 Athenis
1123 439 1237 475 iussit
1268 437 1418 482 afferri3

217 510 348 547 obiter
374 514 418 547 et
446 510 682 548 vernaculae
710 525 812 557 quae
839 516 945 558 sunt,
972 511 1229 550 meliusculae
1248 525 1272 549 a
1292 511 1416 549 Grae-

212 584 310 622 culis
344 584 453 623 fient.
514 585 619 623 Ecce
653 589 758 623 intra
791 586 864 624 hos
892 587 978 624 dies
1007 590 1176 634 scripsit,
1205 592 1252 624 ut
1278 587 1337 624 illi
1365 599 1416 624 ex

213 659 328 697 India
365 673 505 698 semen
543 661 769 699 boletorum
810 664 1051 700 mitteretur.
1124 662 1229 699 Nam
1267 661 1415 699 mulam

210 736 374 781 quidem
400 736 551 773 nullam
578 736 714 783 habet,
734 750 835 783 quae
862 750 944 774 non
972 750 1023 775 ex
1051 750 1200 783 onagro
1227 741 1323 775 nata
1349 739 1412 774 sit.

211 811 333 848 Vides
354 815 416 849 tot
443 811 650 849 culcitras:
679 812 790 849 nulla
816 826 897 850 non
923 818 994 850 aut
1020 813 1318 859 conchyliatum
1343 816 1412 850 aut

210 889 440 924 coccineum
460 891 688 924 tomentum
708 887 841 925 habet.
901 887 1031 926 Tanta
1058 893 1121 925 est
1146 890 1268 924 animi
1286 888 1413 924 beati—

210 961 318 999 tudo.
382 962 569 1008 Reliquos
592 968 729 1000 autem
753 963 980 1001 collibertos
1004 966 1089 1001 eius
1111 976 1207 1001 cave
1233 967 1412 1000 contem-

208 1050 289 1074 nas.
350 1037 477 1074 Valde
508 1041 655 1075 sucossi
689 1043 793 1075 sunt.
855 1038 977 1076 Vides
1010 1038 1123 1076 illum
1155 1041 1224 1084 qui
1256 1041 1299 1075 in
1331 1041 1412 1075 imo

208 1115 310 1150 imus
341 1113 559 1150 recumbit:
588 1112 709 1151 hodie
738 1126 808 1150 sua
836 1117 1070 1159 octingenta
1098 1114 1284 1160 possidet.
1344 1113 1408 1152 De

207 1188 333 1225 nihilo
354 1191 489 1226 crevit.
551 1189 674 1226 Modo
700 1189 854 1227 solebat
879 1189 981 1227 collo
1006 1203 1077 1227 suo
1102 1189 1212 1236 ligna
1237 1195 1405 1237 portare.

208 1262 290 1301 Sed
321 1263 520 1310 quomodo
554 1263 827 1310 dicunt—ego
860 1264 960 1301 nihil
994 1267 1087 1310 scio,
1118 1264 1189 1302 sed
1221 1264 1404 1302 audivi—-

206 1330 349 1385 quoml
371 1338 567 1376 Incuboni
587 1338 753 1385 pilleum
772 1341 979 1386 rapuisset,
1001 1330 1078 1385 [et]
1098 1338 1330 1376 thesaurum
1348 1342 1409 1376 in-

207 1417 328 1451 venit.
380 1414 468 1459 Ego
491 1417 643 1452 nemini
663 1414 836 1460 invideo,
853 1417 884 1451 si
904 1407 1024 1460 quid²
1043 1414 1142 1452 deus
1161 1414 1286 1452 dedit.
1335 1414 1408 1452 Est

205 1494 342 1527 tamen
354 1490 428 1527 sub
440 1489 554 1536 alapa
566 1494 610 1527 et
621 1502 702 1527 non
715 1489 802 1527 vult
813 1490 886 1527 sibi
899 1490 1013 1527 male.
1074 1490 1216 1536 Itaque
1228 1493 1406 1537 proxime

205 1556 360 1601 casam³
380 1563 455 1601 hoc
470 1564 590 1601 titulo
611 1567 860 1610 proscripsit:
888 1554 949 1602 ‘C.
974 1564 1185 1611 Pompeius
1201 1564 1405 1611 Diogenes

205 1652 255 1676 ex
275 1639 459 1677 kalendis
481 1639 590 1676 Iuliis
611 1639 845 1677 cenaculum
864 1639 988 1684 loeat3
1018 1642 1102 1686 ipse
1118 1642 1226 1677 enim
1241 1639 1402 1678 domum

202 1715 325 1752 emit.'
386 1714 495 1761 Quid
520 1715 589 1753 ille
618 1718 686 1761 qui
710 1715 887 1753 libertini
910 1715 997 1752 loco
1020 1717 1137 1762 iacet,
1156 1728 1275 1761 quam
1297 1716 1402 1755 bene

200 1801 244 1827 se
281 1789 432 1826 habuit.
493 1789 586 1827 Non
623 1792 848 1836 impropero
885 1789 952 1827 illi.
1012 1789 1251 1827 Sestertium
1286 1803 1399 1828 suum

199 1863 301 1901 vidit
333 1863 481 1910 decies,
514 1863 586 1901 sed
619 1864 723 1901 male
759 1863 963 1901 vacillavit.
1024 1864 1116 1901 Non
1154 1869 1252 1911 puto
1288 1864 1399 1902 illum

503 1977 511 1995 ¹
525 1988 631 2019 quom
648 1976 861 2009 Buecheler:
885 1977 1073 2018 quomodo.

500 2026 607 2070 ²quid
622 2028 835 2060 Buecheler:
857 2039 939 2069 quo.

498 2078 645 2112 ³casam
661 2078 872 2110 Buecheler:
894 2089 985 2112 cum.

309 2140 358 2174 58
