1534 2470
156 1771 229 1805 103

468 210 630 251 TITUS
662 210 974 251 PETRONIUS
1003 209 1243 249 ARBITER

248 292 447 331 studiosus
459 295 599 339 utique
611 297 880 330 atramentum
892 292 1026 331 habet.
1061 292 1153 330 Hoc
1167 304 1262 338 ergo
1276 290 1454 329 remedio

249 364 452 398 mutemus
472 360 622 397 colores
642 373 665 397 a
685 359 836 406 capillis
855 373 981 406 usque
1001 359 1052 397 ad
1071 372 1237 406 ungues.
1286 357 1347 396 Ita
1365 363 1454 396 tan-

250 440 370 474 quam
404 429 506 464 servi
541 426 764 473 Aethiopes
799 431 842 464 et
874 431 1034 473 praesto
1071 427 1146 464 tibi
1185 427 1331 463 erimus
1369 427 1455 463 sine

251 499 543 532 tormentorum
569 495 712 530 iniuria
737 493 895 539 hilares,
917 498 960 530 et
985 498 1213 540 permutat-o
1233 491 1363 529 colore
1382 494 1456 528 im·

252 574 446 608 ponemus
466 560 673 598 inimicis.’'
734 550 758 568 “
772 559 981 606 Quidni?''
1004 563 1135 606 inquit
1156 560 1280 597 Giton
1302 549 1456 596 “etiam

254 627 492 666 circumcide
508 641 593 674 nos,
607 633 652 665 ut
669 627 807 664 Iudaei
824 627 1041 674 videamur,
1058 632 1100 665 et
1115 625 1314 673 pertunde
1329 638 1456 671 aures,

254 700 301 733 ut
329 697 532 732 imitemur
559 694 725 740 Arabes,
747 699 790 732 et
818 697 972 732 increta
998 694 1131 740 facies,
1153 699 1198 731 ut
1218 706 1307 731 suos
1328 692 1458 730 Gallia

256 765 360 800 cives
389 767 527 809 putet:
557 767 748 808 tanquam
776 761 842 798 hic
871 761 976 799 solus
1006 761 1112 799 color
1142 761 1306 807 figuram
1335 762 1459 806 possit

255 834 486 876 pervertere
507 834 550 866 et
570 842 650 866 non
669 828 797 865 multa
816 842 896 865 una
915 833 1099 875 oporteat
1125 830 1379 865 consentiant
1400 817 1460 872 [et

257 887 355 942 non]
376 899 543 942 ratione,
564 887 618 932 ull
641 895 895 932 mendacium
915 900 1083 933 constet.
1145 895 1246 932 Puta
1269 894 1460 932 infectam

257 963 521 1001 medicamine
551 962 695 1000 faciem
724 962 884 1000 diutius
902 962 1044 1000 durare
1074 975 1208 1009 posse;
1247 961 1353 1007 finge
1385 972 1461 998 nec

256 1043 382 1077 aquae
402 1033 654 1076 asperginem
674 1032 946 1076 imposituram
965 1030 1138 1076 aliquam
1157 1028 1310 1075 corpori
1327 1041 1460 1065 macu-

257 1098 350 1143 lam,
381 1110 456 1134 nec
486 1102 641 1134 vestem
671 1101 895 1133 atramento
935 1096 1206 1142 adhaesuram,
1238 1095 1344 1142 quod
1382 1095 1460 1132 fre-

258 1169 430 1210 quenter
450 1166 571 1200 etiam
590 1176 671 1199 non
691 1165 881 1200 accersito
901 1162 1117 1200 ferrumine
1137 1162 1334 1208 infigitur:
1371 1174 1460 1208 age,

259 1230 453 1277 numquid
466 1235 508 1267 et
520 1230 629 1266 labra
641 1243 846 1276 possumus
859 1235 1014 1267 tumore
1027 1232 1258 1267 taeterrimo
1269 1228 1436 1275 implere
1444 1227 1464 1268 ζ’
1493 1246 1495 1248 ·

260 1296 466 1343 Numquid
486 1301 528 1334 et
548 1299 676 1334 crines
696 1296 918 1333 calamistro
938 1297 1199 1334 convertere?
1256 1293 1461 1342 Numquid
1527 1326 1530 1328 .

261 1370 303 1402 et
323 1364 475 1401 frontes
506 1363 753 1401 cicatricibus
782 1363 988 1400 scindere?
1045 1362 1251 1409 Numquid
1280 1367 1323 1400 et
1351 1375 1463 1399 crura

261 1434 302 1469 in
323 1431 460 1468 orbem
480 1430 682 1476 pandere?
740 1430 946 1476 Numquid
966 1435 1008 1467 et
1032 1429 1132 1467 talos
1151 1429 1203 1467 ad
1226 1434 1373 1467 terram
1392 1428 1462 1466 de·-

261 1498 433 1536 ducere?
516 1497 723 1543 Numquid
762 1501 795 1534 et
842 1497 1004 1534 barbam
1051 1499 1262 1543 peregrina
1308 1498 1461 1534 ratione

260 1565 452 1612 figurare?
511 1564 626 1601 Color
644 1569 730 1601 arte
750 1566 990 1610 compositus
1009 1566 1192 1609 inquinat
1211 1576 1364 1610 corpus,
1380 1575 1460 1600 non

260 1637 400 1670 mutat.
451 1631 616 1677 Audite,
628 1631 727 1676 >quid
743 1623 911 1668 amenti2
926 1633 1181 1668 succurrerit:
1196 1630 1460 1676 praeligemus

260 1700 436 1737 vestibus
475 1701 604 1744 capita
643 1702 685 1735 et
722 1710 794 1735 nos
831 1700 874 1734 in
917 1697 1159 1744 profundum
1195 1697 1456 1743 mergamus.”

261 1757 286 1775 “
299 1767 362 1804 Ne
382 1765 489 1802 istud
518 1765 573 1802 dii
601 1764 862 1810 hominesque
887 1767 1090 1811 patiantur
1103 1763 1125 1777 ’'
1156 1763 1373 1811 Eumolpus
1393 1777 1458 1801 ex-

261 1834 406 1886 clamat
427 1823 452 1839 “
463 1837 510 1869 ut
529 1844 596 1868 vos
616 1837 699 1868 tam
718 1833 825 1878 turpi
847 1834 956 1868 exitu
977 1834 1099 1868 vitam
1119 1831 1273 1868 finiatis.
1333 1830 1459 1868 Immo

261 1902 392 1947 potius
411 1899 546 1945 facite,
566 1898 672 1945 quod
691 1898 819 1935 iubeo.
880 1898 1179 1935 Mercennarius
1197 1911 1323 1947 meus,
1342 1902 1389 1935 ut
1411 1910 1459 1935 ex

261 1965 453 2004 novacula
481 1967 740 2011 comperistis,
762 1969 898 2001 tonsor
927 1969 1008 2002 est:
1037 1964 1102 2001 hic
1131 1967 1320 2002 continuo
1348 1963 1461 2002 radat

453 2052 509 2084 ¹et
526 2062 595 2083 non
613 2052 801 2090 bracketed,
821 2055 858 2082 ut
875 2052 991 2083 added
1004 2052 1046 2093 by
1061 2052 1260 2084 Buecheler.
1300 2095 1307 2102 ἱ

450 2103 462 2123 ²
474 2103 608 2135 amenti
624 2102 816 2135 Buecheler
827 2113 840 2134 .·
856 2103 1004 2135 timenti.

372 2159 448 2192 208
