1500 2470
441 185 603 223 TITUS
635 184 947 224 PETRONIUS
977 185 1216 223 ARBITER

303 268 451 303 mentis
471 265 656 311 calorem,
676 278 778 303 neve
798 265 956 312 plausor
974 268 1017 302 in
1036 278 1220 303 scaenam

303 328 444 366 sedeat
462 328 695 375 redemptus
715 328 918 366 histrionis
937 329 988 367 ad
1007 321 1161 366 rictus.²

306 392 387 431 Sed
407 395 489 430 sive
509 395 730 439 armigerae
751 392 887 430 rident
906 392 1124 430 Tritonidis
1143 405 1267 438 arces,

305 469 375 493 seu
397 456 714 493 Lacedaemonio
733 456 852 493 tellus
871 456 1051 494 habitata
1070 456 1210 493 colono

305 519 540 557 Sirenumve
561 519 714 565 domus,
735 519 807 556 det
825 522 972 566 primos
992 520 1168 557 versibus
1187 532 1311 556 annos

308 583 618 628 Maeoniumque
640 583 750 620 bibat
770 582 878 620 felici
897 587 1060 629 pectore
1080 583 1246 620 fontem.

308 646 404 683 Mox
425 651 468 683 et
487 646 689 684 Socratico
708 646 851 693 plenus
871 659 996 692 grege
1016 649 1153 684 mittat
1172 646 1348 683 habenas

307 710 408 747 liber
429 714 471 746 et
490 712 668 756 ingentis
689 712 843 755 quatiat
864 709 1150 747 Demosthenis
1170 723 1288 746 arma.

310 774 420 810 Hinc
443 773 619 810 Romana
638 786 778 810 manus
799 773 1047 810 circumfluat
1066 778 1108 810 et
1129 773 1247 810 modo
1269 773 1388 810 Graio

308 841 524 874 exonerata
543 849 639 873 sono
659 840 790 873 mutet
810 836 955 873 suffusa
974 849 1165 882 saporem.

311 899 522 937 Interdum
542 899 740 936 subducta
759 899 844 936 foro
865 899 937 936 det
956 902 1102 946 pagina
1121 912 1279 936 cursum

310 968 353 1000 et
373 955 534 1000 furtiva3
554 968 672 1000 sonet
692 963 812 1000 celeri
833 963 1024 1000 distincta
1042 967 1198 1007 meatu;

309 1019 420 1064 dein⁴
442 1025 579 1072 epulas
599 1031 642 1063 et
661 1026 767 1063 bella
786 1029 890 1063 truci
909 1031 1128 1063 memorata
1147 1039 1290 1063 canore

309 1090 554 1136 grandiaque
575 1089 760 1126 indomiti
781 1090 980 1127 Ciceronis
1001 1090 1120 1126 verba
1139 1092 1324 1126 minetur.

311 1153 388 1190 His
408 1155 585 1190 animum
605 1155 792 1198 succinge
813 1153 945 1189 bonis:
966 1155 1021 1189 sic
1040 1151 1202 1189 flumine
1222 1152 1332 1198 largo

310 1216 452 1263 plenus
475 1215 604 1252 Pierio
623 1215 822 1253 defundes
842 1220 1004 1262 pectore
1025 1216 1183 1252 verba.”

174 1279 199 1319 6
284 1280 392 1317 Dum
404 1279 511 1316 hunc
527 1278 760 1324 diligentius
773 1279 903 1325 audio,
917 1291 998 1316 non
1014 1282 1148 1316 notavi
1164 1278 1261 1316 mihi
1277 1279 1430 1325 Ascylti

228 1343 375 1390 fugam.
407 1342 461 1379 Et
479 1342 576 1380 dum
591 1344 632 1378 in
649 1341 723 1379 hoc
739 1342 936 1379 dictorum
951 1347 1063 1379 aestu
1080 1345 1121 1378 in
1136 1341 1261 1379 hortis
1276 1342 1431 1388 incedo,

229 1410 371 1454 ingens
384 1406 708 1444 scholasticorum
720 1406 837 1443 turba
851 1409 893 1442 in
908 1408 1105 1452 porticum
1117 1408 1240 1451 venit,
1253 1410 1300 1443 ut
1313 1419 1431 1452 appa-

229 1471 356 1516 rebat,
375 1470 426 1507 ab
453 1469 716 1516 extemporali
743 1469 1034 1506 declamatione
1061 1472 1195 1506 nescio
1222 1471 1344 1514 cuius,
1364 1471 1432 1514 qui

230 1534 543 1580 Agamemnonis
555 1535 767 1570 suasoriam
783 1538 1006 1579 exceperat.
1040 1533 1146 1569 Dum
1160 1545 1255 1578 ergo
1269 1535 1432 1569 iuvenes

230 1599 451 1635 sententias
466 1596 602 1634 rident
617 1596 877 1642 ordinemque
891 1598 1013 1632 totius
1026 1595 1210 1633 dictionis
1222 1595 1431 1640 infamant,

229 1665 454 1707 opportune
483 1659 653 1696 subduxi
682 1671 747 1697 me
777 1663 820 1696 et
848 1662 992 1696 cursim
1023 1658 1218 1704 Ascylton
1246 1661 1431 1704 persequi

230 1726 353 1770 coepi.
413 1722 495 1760 Sed
521 1735 596 1759 nee
616 1724 720 1759 viam
744 1722 962 1768 diligenter
987 1722 1176 1759 tenebam
1204 1712 1329 1767 [quia]
1356 1734 1431 1758 nec

229 1786 336 1833 quod
360 1785 560 1823 stabulum
585 1790 692 1822 esset
715 1786 898 1822 sciebam.
951 1785 1091 1831 Itaque
1116 1797 1352 1830 quocunque
1375 1788 1430 1821 ie-

229 1863 326 1894 ram,
356 1849 499 1886 eodem
527 1849 768 1894 revertebar,
799 1848 926 1884 donec
957 1852 999 1885 et
1028 1861 1143 1885 cursu
1172 1847 1361 1892 fatigatus
1390 1852 1432 1884 et

1222 257 1238 282 1

319 1929 326 1947 ¹
341 1938 485 1961 scenam
502 1928 700 1959 Heinsius:
723 1938 842 1959 scena.

316 1978 521 2011 '²histri0nls
537 1979 584 2010 ad
602 1979 710 2010 rictus
730 1979 769 2011 O.
788 1979 956 2010 Ribbeck:
979 1979 1139 2010 histrioni
1157 1978 1333 2010 addictus.

318 2030 472 2063 ³furtiva
490 2030 690 2062 Heinsius:
713 2030 865 2062 fortuna.

318 2082 422 2114 ⁴dein
439 2080 627 2113 Pithoeus:
651 2080 746 2112 dent.

342 2138 364 2170 8
