1500 2470
83 832 132 872 46

406 213 568 253 TITUS
599 214 912 255 PETRONIUS
943 216 1181 255 ARBITER

186 300 348 342 putares
367 308 435 333 eos
453 295 580 342 gallos
599 296 862 342 gallinaceos;
890 297 994 334 alter
1013 297 1271 343 burdubasta,
1290 296 1393 335 alter

187 362 347 409 loripes,
370 365 572 400 tertiarius
601 368 782 401 mortuus
808 377 880 410 pro
905 369 1077 410 mortuo,
1097 366 1165 410 qui
1195 354 1391 401 habebat¹

186 432 324 467 nervia
351 432 537 476 praecisa.
583 430 698 468 Unus
726 430 891 468 alicuius
921 430 1086 468 flaturae
1115 430 1193 468 fuit
1221 430 1393 477 Thraex,

188 500 255 543 qui
275 501 318 534 et
336 499 421 544 ipse
441 497 493 534 ad
512 497 664 535 dictata
683 501 888 544 pugnavit.
940 498 1007 535 Ad
1027 511 1235 544 summam,
1255 510 1394 535 omnes

189 568 328 611 postea
361 567 461 601 secti
494 569 609 609 sunt;
637 564 740 602 adeo
769 565 820 602 de
850 579 995 611 magna
1023 566 1142 603 turba
1162 556 1391 603 ‘adhibete’

187 636 439 678 acceperant,
453 631 572 678 plane
589 631 708 677 fugae
721 645 866 670 merae.
910 623 1079 670 ‘Munus
1091 631 1246 670 tamen'
1263 634 1394 678 inquit

189 689 283 736 ‘tibi
304 698 433 736 dedi':
474 703 517 736 et
537 711 613 744 ego
633 699 707 736 tibi
727 699 859 746 plodo.
906 698 1116 746 Computa,
1136 704 1180 737 et
1205 699 1280 737 tibi
1305 698 1394 746 plus

189 765 241 803 do
261 778 380 812 quam
399 768 547 812 accepi.
592 766 738 803 Manus
757 779 921 803 manum
940 766 1056 803 lavat.
1107 766 1265 804 Videris
1282 765 1396 810 mihi,

190 833 484 879 Agamemnon,
504 832 658 870 dicere:
689 824 819 879 ‘Quid
853 836 930 871 iste
965 838 1127 879 argutat
1160 831 1394 870 molestus?

192 903 285 947 quia
298 905 358 946 tu,
374 902 442 946 qui
458 905 573 946 potes
588 899 766 947 loquere,
782 914 863 938 non
878 893 1038 947 loquis.2
1075 900 1169 938 Non
1181 913 1223 938 es
1237 904 1397 938 nostrae

191 967 349 1013 fasciae,
370 971 413 1004 et
432 967 524 1004 ideo
544 980 810 1014 pauperorum
829 968 950 1005 verba
969 967 1139 1005 derides.
1182 967 1336 1005 Scimus
1354 971 1397 1004 te

191 1047 286 1082 prae
305 1034 461 1071 litteras
481 1033 639 1072 fatuum
660 1048 757 1072 esse.
805 1034 914 1081 Quid
935 1047 1030 1080 ergo
1051 1035 1138 1072 est?
1180 1034 1312 1081 aliqua
1330 1033 1397 1071 die

191 1107 234 1139 te
262 1101 538 1148 persuadeam,
557 1106 604 1139 ut
632 1101 684 1139 ad
709 1101 844 1138 villam
863 1104 997 1139 venias
1024 1106 1067 1139 et
1086 1101 1221 1139 videas
1247 1100 1397 1138 casulas

192 1169 371 1206 nostras?
402 1168 658 1206 Inveniemus
679 1169 786 1215 quod
804 1169 1103 1214 manducemus,
1124 1168 1292 1215 pullum,
1303 1181 1395 1206 ova:

193 1236 299 1274 belle
320 1238 409 1282 erit,
430 1238 552 1272 etiam
572 1238 604 1272 si
624 1238 757 1272 omnia
782 1235 858 1273 hoc
877 1249 983 1273 anno
1002 1240 1222 1282 tempestas
1240 1235 1397 1282 dispare

193 1303 375 1351 pallavit:
405 1305 655 1340 inveniemus
676 1316 772 1348 ergo
791 1302 900 1341 unde
920 1305 1043 1340 saturi
1062 1302 1210 1340 fiamus.
1246 1302 1302 1340 Et
1318 1305 1397 1339 iam

192 1371 266 1408 tibi
286 1369 502 1416 discipulus
519 1373 662 1407 crescit
676 1373 803 1407 cicaro
817 1383 941 1407 meus.
973 1369 1059 1406 Iam
1073 1374 1262 1416 quattuor
1275 1372 1398 1416 partis

193 1438 312 1482 dicit3
355 1440 388 1474 si
421 1440 579 1483 vixerit,
608 1437 774 1475 habebis
806 1437 858 1474 ad
895 1437 1000 1474 latus
1033 1436 1243 1474 servulum.
1294 1436 1398 1473 Nam

193 1503 383 1551 quicquid
402 1503 460 1540 illi
480 1508 606 1550 vacat,
623 1509 743 1550 caput
762 1503 814 1541 de
834 1503 970 1541 tabula
984 1517 1066 1541 non
1085 1503 1202 1541 tollit.
1235 1503 1398 1549 Ingeni-

193 1584 284 1610 osus
313 1575 376 1608 est
404 1575 447 1608 et
475 1571 580 1608 bono
609 1570 688 1617 filo,
709 1574 831 1608 etiam
851 1573 882 1608 si
909 1573 951 1607 in
977 1583 1069 1608 aves
1091 1571 1295 1608 morbosus
1322 1575 1394 1608 est.

193 1638 281 1685 Ego
300 1637 358 1675 illi
378 1640 457 1674 iam
471 1642 553 1675 tres
570 1638 747 1676 cardeles
767 1638 906 1684 occidi,
923 1642 966 1675 et
984 1637 1067 1675 dixi
1085 1637 1193 1684 quod
1211 1636 1397 1675 mustella

193 1705 380 1744 comedit.
427 1704 590 1742 Invenit
618 1710 757 1742 tamen
775 1705 871 1743 alias
890 1708 1044 1750 nenias,
1064 1709 1107 1742 et
1133 1704 1396 1742 libentissime

192 1775 335 1820 pingit.
386 1772 575 1810 Ceterum
605 1775 684 1809 iam
718 1771 924 1810 Graeculis
955 1771 1105 1809 calcem
1137 1773 1326 1818 impingit
1354 1775 1397 1808 et

194 1840 357 1877 Latinas
378 1841 512 1886 coepit
539 1852 621 1876 non
649 1839 754 1876 male
782 1844 988 1886 appetere,
1010 1841 1132 1876 etiam
1151 1841 1183 1876 si
1208 1841 1397 1884 magister

193 1909 278 1945 eius
298 1907 372 1944 sibi
391 1905 553 1953 placens
574 1898 642 1943 fit3
660 1918 736 1943 nec
756 1918 836 1943 uno
855 1905 943 1943 loco
963 1908 1157 1952 consistit,
1177 1905 1249 1944 sed
1274 1907 1396 1952 venit,

518 1993 699 2026 ¹habebat
714 1993 925 2026 Buecheler:
948 1993 1069 2026 habet.

518 2043 532 2064 ²
541 2045 657 2087 loquis
672 2045 867 2077 Burmann
878 2055 891 2077 .·
914 2045 1020 2087 loqui.

517 2095 530 2116 ⁸
540 2096 578 2128 fit
594 2095 808 2129 Buecheler:
830 2097 888 2129 sit.

303 2158 354 2195 78

1480 1813 1484 1819 ⁴
1466 1775 1467 1778 ⁴
1462 1658 1489 1753 *mrtem-
1483 1623 1490 1632 ,,

1467 1988 1478 2033 Ξ

1468 2034 1473 2041 »
