1534 2470
460 190 621 229 TITUS
653 190 966 230 PETRONIUS
995 191 1236 229 ARBITER

239 275 440 317 sequatur,
468 275 516 308 ut
540 273 593 308 sit
617 271 677 308 illi
703 271 847 309 saltem
871 274 914 309 in
941 271 1128 319 eligendo
1152 271 1276 310 fratre
1305 261 1445 318 [salva[

238 334 440 372 libertas.”
519 334 606 380 Ego
651 338 719 381 qui
763 337 1074 373 vetustissimam
1115 334 1446 373 consuetudinem

239 398 429 445 putabam
461 400 503 435 in
535 401 737 444 sanguinis
770 401 916 445 pignus
948 401 1150 444 transisse,
1183 398 1284 435 nihil
1316 400 1446 444 timui,

239 463 361 498 immo
384 461 660 499 condicionem
685 464 894 508 praecipiti
917 461 1175 500 festinatione
1201 464 1314 508 rapui
1341 474 1446 499 com-

239 527 409 571 misique
435 525 556 562 iudici
582 524 708 562 litem.
768 528 836 571 qui
862 538 915 563 ne
938 524 1176 563 deliberavit
1201 524 1377 572 quidem,
1400 529 1447 561 ut

239 588 444 626 videretur
471 593 695 634 cunctatus,
716 601 854 626 verum
881 591 1018 626 statim
1046 589 1097 626 ab
1126 593 1306 626 extrema
1333 593 1446 634 parte

239 652 350 689 verbi
370 654 618 689 consurrexit
638 656 671 688 et
694 652 860 689 fratrem
885 652 1080 698 Ascylton
1103 652 1238 698 elegit.
1298 651 1446 689 Fulmi-

240 720 358 753 natus
377 715 452 752 hac
471 718 812 761 pronuntiatione,
833 718 888 752 sic
913 720 960 752 ut
985 727 1108 761 eram,
1134 718 1219 753 sine
1245 714 1379 761 gladio
1403 717 1446 751 in

239 778 433 816 lectulum
454 777 599 824 decidi,
621 783 663 815 et
689 778 913 815 attulissem
936 777 1036 815 mihi
1059 778 1270 816 damnatus
1292 790 1445 824 manus,

240 845 271 880 si
280 854 362 880 non
370 844 519 878 inimici
528 844 716 879 victoriae
729 841 969 878 invidissem.
1030 841 1247 887 Egreditur
1255 841 1443 887 superbus

240 919 331 942 cum
359 907 535 951 praemio
562 904 747 951 Ascyltos
772 909 815 942 et
841 905 959 951 paulo
981 909 1077 942 ante
1104 907 1347 941 carissimum
1371 904 1446 941 sibi

239 968 552 1006 commilitonem
581 967 846 1014 fortunaeque
877 971 999 1005 etiam
1026 967 1286 1005 similitudine
1309 979 1444 1014 parem

238 1035 281 1069 in
299 1032 387 1069 loco
407 1034 618 1078 peregrino
638 1031 823 1068 destituit
842 1031 1053 1068 abiectum.

152 1095 221 1133 LO
348 1085 355 1141 Ι
388 1095 546 1132 Nomen
566 1097 764 1132 amicitiae
785 1097 854 1140 sic,
875 1099 1074 1140 quatenus
1096 1093 1274 1140 expedit,
1289 1092 1443 1138 haeret;

404 1157 578 1195 calculus
598 1160 639 1194 in
659 1157 796 1194 tabula
814 1157 962 1194 mobile
983 1157 1095 1194 ducit
1114 1169 1222 1203 opus.

349 1221 449 1258 Cum
467 1220 628 1258 fortuna
642 1225 792 1266 manet,
813 1220 968 1257 vultum
988 1222 1164 1266 servatis,
1183 1221 1324 1264 amici;

403 1297 494 1322 cum
514 1283 672 1329 cecidit,
693 1287 799 1330 turpi
820 1286 976 1321 vertitis
995 1296 1062 1320 ora
1080 1282 1186 1329 fuga.

349 1411 457 1449 Grex
477 1413 562 1456 agit
580 1412 622 1447 in
642 1422 786 1447 scaena
803 1412 970 1446 mimum
986 1423 995 1446 ε
1015 1414 1130 1456 pater
1147 1409 1216 1447 ille
1235 1413 1411 1455 vocatur,

403 1474 506 1511 filius
524 1473 603 1519 hic,
623 1486 771 1510 nomen
791 1472 924 1510 divitis
943 1472 1012 1510 ille
1031 1477 1157 1510 tenet.

349 1537 445 1575 Mox
465 1537 532 1573 ubi
553 1536 740 1573 ridendas
758 1535 923 1572 inclusit
942 1538 1087 1582 pagina
1104 1540 1250 1582 partes,

402 1613 494 1637 vera
513 1599 620 1636 redit
638 1599 772 1644 facies,
792 1598 888 1635 dum
908 1591 1106 1635 simulatal
1126 1601 1240 1645 perit.
1263 1627 1272 1636 .
1295 1626 1304 1637 .
1326 1627 1337 1638 .

158 1665 204 1699 81
293 1659 380 1697 Nec
413 1658 481 1695 diu
515 1663 653 1695 tamen
686 1657 857 1694 lacrimis
890 1657 1049 1703 indulsi,
1088 1657 1157 1694 sed
1196 1660 1357 1703 veritus,
1387 1670 1439 1694 ne

239 1718 448 1756 Menelaus
489 1720 610 1753 etiam
652 1715 958 1752 antescholanus
1005 1718 1113 1752 inter
1158 1721 1293 1753 cetera
1337 1715 1440 1752 mala

237 1777 364 1815 solum
389 1788 455 1813 me
485 1778 528 1812 in
554 1774 779 1811 deversorio
810 1776 1022 1820 inveniret,
1054 1773 1198 1819 collegi
1228 1773 1440 1811 sarcinulas

235 1835 448 1880 locumque
496 1837 695 1870 secretum
744 1836 786 1868 et
833 1834 1059 1877 proximum
1105 1831 1212 1869 litori
1265 1837 1439 1869 maestus

236 1893 420 1931 conduxi.
491 1891 552 1928 Ibi
583 1890 717 1927 triduo
750 1889 925 1927 inclusus
962 1890 1159 1927 redeunte
1190 1893 1232 1927 in
1264 1893 1439 1927 animum

233 1951 450 1991 solitudine
505 1954 627 1994 atque
675 1953 909 1993 contemptu
966 1948 1224 1985 verberabam
1275 1961 1438 1994 aegrum

177 2007 214 2045 L
230 2007 457 2054 planctibus
497 2008 638 2050 pectus
670 1994 675 2049 Ι
702 2007 745 2040 et
777 2005 884 2040 inter
917 2007 980 2040 tot
1016 2003 1227 2041 altissimos
1263 2006 1438 2049 gemitus

438 2087 540 2119 'dum
558 2086 725 2118 simulata
741 2085 959 2117 Buecheler:
987 2086 1224 2118 dissimulata.

347 2137 424 2176 160
