1534 2470
441 197 642 241 LUCIUS
671 201 937 243 ANNAEUS
967 204 1176 244 SENECA
1227 244 1232 247 .

206 282 380 318 occisum
400 281 576 320 vidisset.
628 282 694 320 Ab
714 283 790 321 hoc
810 297 886 331 ego
905 298 1007 331 quae
1026 290 1115 323 tum
1133 287 1278 333 audivi,
1298 291 1408 324 certa

207 351 312 388 clara
330 351 463 399 affero,
483 356 541 391 ita
559 354 673 392 illum
693 355 844 413 salvum
865 361 908 394 et
926 356 1087 395 felicem
1105 357 1284 396 habeam.
1300 408 1315 420 P
1353 403 1360 410 ί

152 468 175 501 2
317 465 404 503 Iam
425 466 609 504 Phoebus
630 468 810 506 breviore
831 472 894 506 via
912 474 1165 508 contraxerat
1185 475 1316 508 ortum

315 537 428 584 lucis,
449 543 493 576 et
512 539 669 576 obscuri
689 541 925 578 crescebant
943 546 1126 588 tempora
1144 545 1285 588 somni,

315 611 474 655 iamque
495 623 611 647 suum
631 613 773 648 victrix
793 612 967 658 augebat
987 613 1160 659 Cynthia
1178 626 1362 660 regnum,

315 686 358 718 et
378 681 567 719 deformis
586 682 744 729 hiemps
763 689 898 729 gratos
914 685 1103 730 carpebat
1116 684 1287 722 honores

315 752 451 790 divitis
471 756 666 800 autumni,
687 757 872 801 iussoque
893 768 1106 794 senescere
1126 755 1283 794 Baccho

315 825 504 870 carpebat
523 837 628 862 raras
649 838 759 863 serus
779 826 1022 863 vindemitor
1040 839 1146 865 uvas.

206 936 308 974 Puto
328 939 455 982 magis
475 937 672 983 intellegi,
694 940 726 975 si
746 938 903 975 dixero:
932 941 1080 976 mensis
1100 944 1187 977 erat
1215 939 1405 986 October,

203 1008 290 1046 dies
320 1007 384 1044 III
414 1008 504 1046 idus
535 1009 732 1047 Octobris.
795 1010 948 1047 Horam
968 1023 1050 1047 non
1075 1023 1235 1057 possum
1254 1017 1404 1049 certam

205 1080 279 1117 tibi
299 1079 446 1126 dicere,
459 1079 613 1118 facilius
632 1083 740 1118 inter
754 1080 1011 1127 philosophos
1026 1094 1145 1127 quam
1163 1084 1270 1120 inter
1289 1081 1403 1119 horo-

203 1151 309 1197 logia
326 1154 552 1197 conveniet,
566 1157 703 1189 tamen
725 1155 831 1190 inter
846 1157 1001 1190 sextam
1016 1157 1059 1190 et
1078 1156 1289 1200 septimam
1304 1159 1399 1191 erat.

205 1213 368 1260 “Nimis
397 1223 577 1260 rustice”
609 1226 783 1269 inquies:
816 1214 939 1260 “cum
968 1237 1106 1262 omnes
1134 1229 1291 1271 poetae,
1320 1238 1402 1262 non

201 1289 383 1331 contenti
403 1299 512 1331 ortus
528 1299 571 1332 et
590 1307 750 1332 occasus
765 1295 1003 1342 describere,
1018 1301 1065 1333 ut
1084 1298 1205 1333 etiam
1224 1295 1400 1333 medium

202 1366 311 1403 diem
331 1368 574 1412 inquietent,
594 1371 639 1403 tu
659 1369 714 1404 sic
734 1367 918 1404 transibis
938 1366 1077 1404 horam
1094 1372 1179 1405 tam
1197 1366 1399 1404 bonam?’'

310 1468 396 1508 lam
415 1469 592 1507 medium
612 1483 728 1507 curru
750 1469 933 1507 Phoebus
952 1470 1140 1508 diviserat
1158 1471 1295 1508 orbem

307 1545 352 1579 et
371 1544 530 1587 propior
549 1544 658 1578 nocti
678 1541 800 1578 fessas
819 1542 1026 1587 quatiebat
1043 1541 1219 1580 habenas

308 1613 470 1659 obliquo
489 1612 632 1650 flexam
652 1613 856 1651 deducens
876 1617 1037 1651 tramite
1056 1614 1208 1652 lucem:

147 1718 171 1752 8
201 1715 390 1753 Claudius
419 1719 593 1752 animam
621 1729 741 1762 agere
771 1719 903 1762 coepit
933 1729 1008 1753 nec
1036 1719 1216 1754 invenire
1246 1720 1398 1756 exitum

199 1791 370 1833 poterat.
422 1786 525 1824 Tum
558 1787 794 1834 Mercurius,
826 1790 894 1833 qui
928 1800 1085 1833 semper
1117 1791 1280 1834 ingenio
1313 1792 1397 1826 eius

198 1858 422 1896 delectatus
444 1863 563 1904 esset,
584 1872 704 1895 unam
725 1871 747 1896 e
767 1859 894 1896 tribus
922 1859 1051 1896 Parcis
1071 1859 1227 1897 seducit
1253 1865 1295 1897 et
1320 1863 1396 1898 ait:

198 1919 356 1976 “Quid,
376 1929 525 1966 femina
557 1930 843 1976 crudelissima,
874 1930 1078 1967 hominem
1108 1933 1296 1968 miserum
1316 1936 1395 1968 tor-

195 2004 308 2047 queri
328 2001 500 2048 pateris?
532 2001 618 2038 Nec
639 2014 815 2047 unquam
834 2005 917 2038 tam
938 2001 1006 2038 diu
1027 2004 1222 2039 cruciatus
1243 2003 1395 2040 cesset?

352 2087 414 2120 ³So
429 2089 540 2120 MSS:
562 2088 754 2121 Buecheler
767 2088 890 2120 orbem
907 2090 1177 2132 unnecessariht.

305 2142 383 2178 872
