1500 2470
472 189 556 227 TI'l
571 190 634 229 US
666 190 978 231 PETRONIUS
1006 193 1247 231 ARBITER

253 269 371 308 licem
391 270 659 317 proclamavit.
717 272 820 309 Nam
841 285 940 319 puer
959 273 1135 320 quidem,
1155 277 1224 320 qui
1243 275 1455 324 ceciderat,

253 334 487 371 circumibat
514 336 593 371 iam
622 334 775 372 dudum
807 335 932 381 pedes
965 341 1120 374 nostros
1154 341 1198 374 et
1228 340 1457 376 missionem

253 397 428 443 rogabat.
485 397 659 435 Pessime
679 397 778 435 mihi
798 403 896 445 erat,
917 412 969 437 ne
989 399 1050 437 his
1069 401 1253 446 precibus
1272 414 1345 447 per
1362 401 1457 439 ridi-

254 452 409 497 culum1
435 460 587 506 aliquid
618 461 872 508 catastropha
904 468 1174 508 quaereretur.
1233 464 1320 501 Nec
1349 467 1457 503 enim

253 523 383 560 adhuc
410 523 614 560 exciderat
637 536 752 561 cocus
775 524 857 570 ille,
878 527 946 571 qui
970 525 1117 563 oblitus
1140 525 1272 564 fuerat
1293 539 1456 573 porcum

254 590 489 625 exinterare.
551 586 692 634 Itaque
731 592 863 625 totum
901 591 1202 636 circumspicere
1228 577 1456 629 'triclinium

254 653 379 697 coepi,
414 663 466 688 ne
503 663 576 697 per
613 654 808 697 parietem
841 657 1089 690 automatum
1121 653 1283 699 aliquod
1316 657 1456 701 exiret,

254 717 392 760 utique
413 719 623 760 postquam
638 727 773 752 servus
793 715 992 752 verberari
1008 718 1152 762 coepit,
1168 719 1237 762 qui
1251 717 1456 755 brachium

254 777 405 814 domini
425 782 636 814 contusum
656 777 745 814 alba
763 780 896 824 potius
916 791 1034 824 quam
1058 779 1308 826 conchyliata
1331 780 1456 818 invol-

254 845 365 878 verat
394 840 494 877 lana.
566 840 653 877 Nec
683 840 804 886 longe
835 841 1033 878 aberravit
1065 844 1234 888 suspicio
1265 855 1355 880 mea
1363 855 1374 887 ;
1413 845 1456 881 in

252 906 379 941 vicem
396 906 503 940 enim
518 896 688 949 poenae²
700 906 812 940 venit
827 903 1034 941 decretum
1050 903 1364 951 Trimalchionis,
1377 919 1456 952 quo

251 979 420 1014 puerum
453 969 567 1004 iussit
596 966 767 1004 liberum
802 979 901 1012 esse,
934 980 987 1004 ne
1021 970 1108 1014 quis
1141 973 1277 1014 posset
1307 968 1455 1015 dicere,

252 1035 411 1068 tantum
430 1032 558 1067 virum
579 1042 664 1067 esse
684 1043 708 1066 a
727 1043 839 1067 servo
859 1022 1142 1067 vulneratum.⁸

38 1099 87 1134 55
101 1086 281 1139 HLOlH
311 1085 316 1138 Ι
349 1093 658 1139 Comprobamus
677 1106 749 1130 nos
769 1092 919 1130 factum
949 1084 954 1138 Ι
987 1098 1029 1130 et
1048 1106 1166 1139 quam
1185 1096 1227 1130 in
1246 1097 1454 1141 praecipiti

120 1152 236 1190 HLO
248 1165 311 1189 res
348 1151 546 1188 humanae
586 1156 732 1197 essent,
771 1142 775 1195 Ι
814 1154 921 1188 vario
958 1164 1140 1188 sermone
1177 1154 1380 1197 garrimus.
1417 1144 1422 1198 Ι

159 1383 240 1421 HL

198 1500 244 1538 H

197 1211 242 1248 H
253 1201 380 1248 “Ita''
416 1212 548 1255 inquit
577 1209 817 1246 Trimalchio
849 1200 963 1246 “non
993 1214 1153 1255 oportet
1183 1209 1290 1247 hunc
1318 1223 1451 1248 casum

254 1272 340 1307 sine
359 1270 617 1314 inscriptione
642 1267 842 1305 trausire'’
864 1270 1079 1314 statimque
1105 1268 1306 1306 codicillos
1330 1282 1452 1315 popo-

254 1331 330 1365 scit
349 1332 391 1365 et
410 1340 491 1363 non
511 1327 579 1363 diu
599 1329 841 1372 cogitatione
861 1326 1029 1364 distorta
1046 1326 1146 1364 haec
1164 1329 1366 1364 recitavit:

345 1374 351 1429 Ι
384 1373 537 1428 “Quod
557 1395 638 1418 non
658 1386 861 1427 expectes,
883 1394 932 1418 ex
952 1386 1176 1419 transverso
1196 1382 1241 1419 fit
1261 1411 1268 1419 .
1292 1410 1300 1420 .
1324 1410 1333 1420 .
1354 1374 1384 1420 ,⁴¹

445 1445 542 1477 —et
562 1453 679 1486 supra
697 1454 768 1477 nos
790 1440 964 1477 Fortuna
983 1443 1146 1486 negotia
1164 1445 1285 1477 curat.

444 1490 450 1545 Ι
483 1511 603 1545 quare
623 1498 675 1535 da
693 1499 806 1535 nobis
826 1501 916 1535 vina
937 1498 1115 1545 Falerna,
1135 1498 1272 1545 puer.''

116 1559 232 1597 HLO
298 1559 348 1596 ab
367 1558 443 1595 hoc
464 1560 750 1604 epigrammate
781 1548 786 1602 Ι
819 1559 951 1603 coepit
970 1562 1178 1603 poetarum
1195 1570 1280 1594 esse
1295 1561 1449 1595 mentio

251 1618 400 1663 diuque
420 1629 573 1654 summa
593 1618 775 1652 carminis
794 1628 919 1661 penes
939 1615 1124 1661 Mopsum
1147 1615 1342 1653 Thracem
1364 1629 1447 1653 me-

250 1680 403 1713 morata
415 1680 477 1712 est
489 1675 616 1711 donec
629 1674 868 1710 Trimalchio
878 1664 902 1682 “
913 1674 1023 1719 Rogo
1032 1674 1054 1686 ''
1069 1677 1200 1720 inquit
1213 1665 1446 1720 “magister,

251 1734 347 1780 quid
375 1739 491 1780 putas
519 1736 626 1770 inter
654 1733 886 1770 Ciceronem
915 1737 958 1769 et
988 1732 1201 1769 Publilium
1229 1733 1446 1770 interesse?

251 1793 338 1839 Ego
356 1792 527 1830 alterum
546 1796 644 1838 puto
664 1791 913 1829 disertiorem
933 1790 1066 1836 fuisse,
1081 1791 1251 1828 alterum
1271 1790 1446 1829 honesti-

244 1869 364 1894 orem.
425 1854 534 1901 Quid
554 1857 662 1892 enim
682 1854 743 1891 his
762 1854 904 1891 melius
925 1854 1003 1891 dici
1022 1854 1180 1901 potest?

290 1911 302 1930 ²
314 1921 378 1952 pet·
395 1910 579 1941 ridiculum
596 1909 807 1940 Buecheler:
830 1909 996 1949 periculo.

286 1953 447 1996 ²poenae
466 1953 736 1984 Hadrianides:
759 1963 880 1983 cenae.

287 1996 531 2028 ³vulneratum
549 1995 728 2037 Scheffer:
749 1995 947 2026 liberatum.

285 2039 299 2059 ⁴
317 2040 494 2072 Heinsius
508 2039 624 2070 would
637 2039 766 2081 supply
781 2038 921 2080 ubique,
937 2041 1073 2078 nostra,
1091 2040 1126 2069 to
1140 2038 1198 2078 fill
1220 2038 1369 2080 tlte.gap
1390 2037 1442 2070 be-

249 2089 358 2115 tween
375 2083 414 2114 fit
431 2082 506 2114 and
520 2085 566 2114 et.

352 2139 404 2183 96
