1534 2470
162 1581 208 1612 14

478 217 678 257 LUCIUS
708 219 974 258 ANNAEUS
1004 220 1215 259 SENECA

242 300 340 344 vius,
362 298 528 345 Trogus,
550 299 680 345 Cotta,
701 299 862 338 Vettius
877 300 1037 346 Valens,
1058 301 1202 338 Fabius
1221 305 1377 348 equites
1398 302 1441 339 R.

243 382 341 415 quos
373 369 580 407 Narcissus
610 370 702 408 duci
734 373 912 409 iusserat.
973 371 1132 409 Medius
1167 377 1253 410 erat
1289 376 1332 410 in
1370 373 1445 410 hac

242 444 492 478 cantantium
505 442 622 479 turba
638 442 821 480 Mnester
832 446 1114 489 pantomimus,
1123 457 1243 490 quem
1256 444 1444 482 Claudius

241 512 395 550 decoris
415 526 532 550 causa
550 516 747 551 minorem
766 513 928 551 fecerat.
965 514 1031 552 Ad
1052 515 1444 554 Messalinam—cito

240 597 374 621 rumor
388 585 617 631 percrebuit
637 585 847 622 Claudium
862 587 1307 625 venisse—convolant:
1326 590 1443 634 primi

239 659 417 693 omnium
437 656 572 693 liberti
594 656 793 703 Polybius,
810 657 968 703 Myron,
983 658 1221 704 Harpocras,
1241 658 1443 706 Amphae-

240 740 299 773 us,
322 727 606 773 Pheronactus,
622 741 720 774 quos
741 728 927 766 Claudius
946 742 1098 775 omnes,
1113 730 1258 767 necubi
1275 732 1444 778 impara-

239 804 304 837 tus
325 803 444 845 esset,
464 802 732 845 praemiserat.
794 799 954 837 Deinde
981 800 1174 846 praefecti
1201 800 1281 838 duo
1310 800 1444 839 Iustus

240 871 428 908 Catonius
449 875 491 907 et
513 870 672 908 Rufrius
698 870 831 908 Pollio.
885 870 1045 908 Deinde
1065 874 1181 908 amici
1204 871 1441 910 Saturninus

242 942 384 980 Lusius
409 947 451 979 et
482 942 590 979 Pedo
612 941 824 988 Pompeius
848 947 890 979 et
918 942 1054 989 Lupus
1081 947 1124 980 et
1143 943 1259 981 Celer
1280 943 1442 982 Asinius

240 1013 475 1051 consulares.
502 1013 724 1051 Novissime
745 1013 877 1051 fratris
897 1013 988 1059 filia,
1009 1016 1149 1051 sororis
1177 1014 1270 1061 filia,
1287 1017 1442 1062 generi,

239 1087 377 1130 soceri,
398 1097 543 1130 socruS‚
559 1097 696 1122 omnes
716 1084 835 1131 plane
855 1087 1150 1131 consanguinei.
1209 1085 1263 1123 Et
1281 1088 1439 1132 agmine

239 1156 345 1194 facto
366 1155 530 1193 Claudio
550 1160 773 1193 occurrunt.
814 1155 924 1202 Quos
945 1169 1035 1193 cum
1055 1156 1220 1194 vidisset
1239 1156 1438 1201 Claudius,

239 1227 456 1266 exclamat:
485 1226 609 1265 πάντα
629 1226 755 1272 φίλων
774 1227 906 1273 πλήρη
927 1217 1159 1273 “quomodo
1178 1227 1256 1265 huc
1275 1231 1440 1266 venistis

240 1299 364 1337 vos?”
382 1299 485 1336 Tum
507 1299 616 1337 Pedo
637 1299 868 1345 Pompeius:
883 1289 1025 1345 “Quid
1041 1299 1152 1345 dicis,
1164 1298 1284 1337 homo
1299 1299 1438 1337 crude-

238 1371 411 1409 lissime?
451 1370 631 1417 Quaeris,
645 1370 866 1416 quomodo?
907 1369 1006 1416 Quis
1026 1373 1134 1407 enim
1153 1383 1224 1408 nos
1243 1370 1343 1408 alius
1361 1370 1439 1408 huc

238 1441 347 1475 misit
366 1451 485 1484 quam
510 1442 569 1483 tu,
589 1440 767 1474 omnium
786 1439 1002 1474 amicorum
1020 1436 1279 1474 interfector?
1309 1436 1359 1474 In
1379 1439 1440 1475 ius

239 1517 387 1550 eamus,
408 1517 483 1550 ego
503 1505 577 1541 tibi
596 1503 662 1540 hic
681 1503 797 1540 sellas
817 1502 1064 1540 ostendam.”

294 1575 418 1613 Ducit
437 1574 550 1611 illum
564 1574 616 1611 ad
635 1573 810 1611 tribunal
823 1573 966 1610 Aeaci:
986 1575 1018 1610 is
1032 1572 1123 1619 lege
1140 1572 1322 1610 Cornelia
1335 1586 1436 1620 quae

238 1642 290 1679 de
309 1643 456 1679 sicariis
485 1641 566 1678 lata
586 1645 661 1686 est,
682 1639 910 1686 quaerebat.
972 1637 1164 1684 Postulat,
1184 1651 1332 1676 nomen
1351 1642 1435 1676 eius

237 1711 426 1754 recipiat3
483 1707 569 1744 edit
616 1707 970 1752 subscriptionem:
1038 1707 1186 1742 occisos
1232 1710 1435 1743 senatores

237 1775 404 1821 XXXV,
436 1778 591 1821 equites
626 1774 668 1811 R.
703 1772 880 1818 CCXXI,
907 1777 1062 1809 ceteros
1092 1772 1164 1809 ὅσα
1195 1771 1365 1818 ψάμαθός
1395 1789 1437 1811 τε

239 1842 338 1882 κόνις
357 1858 406 1879 τε.
459 1842 712 1879 Advocatum
731 1853 812 1876 non
831 1841 996 1876 invenit.
1047 1838 1227 1876 Tandem
1254 1839 1436 1885 procedit

238 1909 278 1946 P.
303 1909 527 1954 Petronius,
561 1912 676 1944 vetus
709 1908 912 1943 convictor
942 1907 1039 1950 eius,
1068 1904 1187 1941 homo
1220 1904 1434 1942 Claudiana

235 1976 372 2023 lingua
391 1975 576 2020 disertus,
592 1979 635 2011 et
654 1972 830 2020 postulat
848 1971 1159 2009 advocationem.
1192 1971 1283 2008 Non
1303 1971 1430 2008 datur.

234 2044 408 2080 Accusat
439 2041 546 2079 Pedo
577 2041 787 2086 Pompeius
806 2040 960 2083 magnis
981 2037 1224 2074 clamoribus.
1285 2036 1433 2083 Incipit

234 2115 423 2158 patronus
443 2108 547 2146 velle
567 2106 821 2153 respondere.
854 2104 1022 2150 Aeacus,
1043 2103 1163 2141 homo
1182 2105 1431 2148 iustissimus,

343 2168 421 2201 402
