1534 2470
476 172 638 212 TITUS
670 173 981 215 PETRONIUS
1011 176 1250 214 ARBITER

256 255 401 299 senuit,
421 258 467 290 ut
486 258 681 291 astrorum
705 254 884 301 caelique
904 260 1036 293 motus
1057 248 1396 304 deprehenderet,
1415 262 1459 296 et

257 310 511 358 Chrysippus,
532 317 578 349 ut
597 313 649 350 ad
668 316 943 352 inventionem
966 315 1176 360 sufficeret,
1195 320 1260 353 ter
1282 315 1459 354 elleboro

256 372 432 407 animum
466 371 644 408 detersit.
705 372 855 410 Verum
888 378 934 410 ut
966 373 1018 410 ad
1054 373 1201 420 plastas
1236 379 1457 421 convertar,

258 427 476 475 Lysippum
500 434 655 468 statuae
680 434 797 469 unius
819 431 1074 470 lineamentis
1097 432 1376 471 inhaerentem
1397 436 1458 470 in-

256 489 347 534 opia
373 490 558 535 extinxit,
584 494 627 526 et
654 490 811 536 Myron,
833 493 899 537 qui
923 504 1051 537 paene
1078 494 1228 529 animas
1251 491 1458 529 hominum

257 545 510 593 ferarumque
537 561 628 585 aere
657 549 1029 596 comprehenderat,
1056 563 1138 587 non
1163 553 1318 588 invenit
1342 550 1458 588 here-

257 603 361 642 dem.
420 605 478 643 At
515 619 587 643 nos
625 609 716 644 vino
754 611 971 655 scortisque
1009 608 1181 646 demersi
1217 622 1270 646 ne
1302 614 1459 656 paratas

257 663 420 709 quidem
457 669 563 703 artes
601 666 793 704 audemus
827 679 1078 713 cognoscere,
1109 667 1180 705 sed
1211 672 1459 705 accusatores

256 725 507 768 antiquitatis
533 727 629 761 vitia
654 729 814 762 tantum
840 725 1028 763 docemus
1054 731 1098 763 et
1120 726 1316 774 discimus.
1377 726 1460 764 Ubi

259 786 321 818 est
340 780 574 819 dialectica?
624 783 704 820 Ubi
723 785 988 821 astronomia?
1037 785 1117 823 Ubi
1136 787 1355 831 sapientiae
1375 784 1458 822 cul-

260 832 423 877 tissima1
442 841 528 877 via?
558 840 658 887 Quis
677 855 853 888 unquam
872 845 984 880 venit
997 845 1039 880 in
1053 843 1251 890 templum
1265 848 1308 881 et
1322 848 1459 881 votum

258 896 367 944 fecit,
388 901 420 936 si
439 899 491 936 ad
515 899 788 946 eloquentiam
811 902 1083 948 pervenisset?
1141 901 1254 948 Quis,
1274 904 1307 940 si
1329 901 1459 949 philo-

259 956 420 1003 sophiae
459 957 613 995 fontem
652 961 877 1005 attigisset?
935 960 995 997 Ac
1032 973 1084 998 ne
1117 961 1263 998 bonam
1296 960 1459 1007 quidem

257 1020 438 1053 mentem
467 1021 538 1054 aut
566 1017 711 1055 bonam
741 1018 1002 1056 valitudinem
1032 1024 1190 1065 petunt,
1221 1018 1293 1057 sed
1322 1021 1456 1057 statim

260 1079 475 1121 antequam
500 1075 624 1113 limen
652 1077 836 1123 Capitolii
861 1082 1043 1123 tangant,
1070 1077 1168 1115 alius
1194 1077 1344 1115 donum
1367 1091 1458 1125 pro-

258 1135 398 1179 mittit,
418 1136 450 1170 si
475 1137 742 1181 propinquum
765 1136 932 1173 divitem
955 1136 1157 1182 extulerit,
1175 1136 1287 1183 alius,
1307 1139 1340 1174 si
1367 1136 1458 1174 the-

259 1204 418 1229 saurum
451 1191 646 1239 effoderit,
679 1194 792 1240 alius,
826 1197 857 1232 si
895 1194 947 1231 ad
979 1197 1196 1233 trecenties
1229 1198 1457 1233 sestertium

259 1250 388 1288 salvus
414 1254 653 1297 pervenerit.
713 1252 803 1299 Ipse
830 1258 1003 1300 senatus,
1023 1256 1124 1291 recti
1149 1254 1322 1300 bonique
1345 1266 1458 1300 prae-

260 1314 411 1356 ceptor,
429 1309 539 1347 mille
559 1311 692 1357 pondo
711 1314 796 1349 auri
816 1312 1009 1358 Capitolio
1027 1314 1262 1358 promittere
1280 1312 1396 1359 solet,
1415 1317 1459 1350 et

259 1380 312 1405 ne
332 1370 418 1414 quis
438 1368 598 1406 dubitet
617 1373 827 1416 pecuniam
843 1373 1134 1417 concupiscere,
1150 1370 1286 1408 Iovem
1300 1384 1458 1417 quoque

259 1426 416 1473 peculio
436 1432 612 1465 exornat.
672 1429 765 1466 Noli
785 1442 881 1475 ergo
899 1431 1045 1475 mirari,
1065 1431 1097 1466 si
1116 1431 1270 1475 pictura
1293 1428 1455 1475 defecit,

260 1494 351 1518 cum
379 1483 562 1520 omnibus
591 1482 666 1521 diis
699 1483 1005 1530 hominibusque
1039 1483 1244 1521 formosior
1275 1484 1457 1522 videatur

259 1549 386 1574 massa
405 1540 503 1583 auri,
523 1551 642 1583 quam
662 1539 850 1585 quicquid
870 1539 1035 1585 Apelles
1060 1538 1311 1585 Phidiasque,
1332 1539 1456 1577 Grae-

181 1594 230 1634 89
260 1591 339 1628 culi
358 1591 588 1639 delirantes,
608 1593 802 1632 fecerunt.
862 1593 943 1632 Sed
966 1593 1082 1631 video
1104 1598 1147 1630 te
1169 1598 1301 1631 totum
1322 1596 1365 1631 in
1387 1593 1456 1631 illa

258 1645 423 1684 haerere
442 1647 591 1694 tabula,
612 1661 713 1695 quae
733 1649 873 1686 Troiae
893 1648 1047 1686 halosin
1065 1648 1252 1686 ostendit.
1312 1647 1453 1695 Itaque

258 1701 430 1739 conabor
447 1715 545 1749 opus
564 1704 740 1741 versibus
759 1703 955 1750 pandere:

367 1756 452 1794 Iam
472 1757 626 1795 decima
643 1764 816 1797 maestos
835 1761 942 1796 inter
959 1760 1153 1805 ancipites
1171 1763 1303 1796 metus

367 1811 543 1858 Phrygas
563 1813 771 1851 obsidebat
789 1817 926 1852 messis
946 1818 989 1851 et
1006 1816 1106 1851 vatis
1125 1813 1222 1851 fides

365 1866 591 1905 Calchantis
610 1873 698 1905 atro
717 1868 837 1905 dubia
855 1868 1059 1915 pendebat
1077 1873 1203 1915 metu,

364 1933 456 1959 cum
475 1921 594 1959 Delio
613 1922 796 1969 profante
817 1925 921 1961 eaesi
939 1926 1108 1960 vertices

364 1975 461 2014 Idae
480 1976 695 2015 trahuntur
713 1980 910 2024 scissaque
930 1979 973 2014 in
991 1977 1138 2015 molem
1158 1977 1307 2015 cadunt

296 2065 308 2086 ¹
320 2067 519 2099 cultissima
541 2066 610 2098 cod.
626 2065 744 2098 Paris.
769 2065 855 2108 6842
869 2065 905 2097 D
915 2076 930 2098 .·
952 2064 1218 2098 consultissima
1232 2063 1329 2097 other
1341 2063 1446 2098 MSS.

365 2130 382 2163 1
391 2129 444 2167 74
