1534 2470
664 183 1011 224 FRAGMENTA

789 315 892 361 VII·

288 384 504 431 Fulgentius
539 385 840 432 mythologiarum
878 387 951 424 III
982 388 1011 426 8
1043 402 1082 436 p.
1113 390 1195 436 124
1223 390 1286 428 ubi
1310 404 1432 430 sucum

234 447 401 495 myrrhae
414 448 520 486 valde
540 447 729 495 fenn'dum
757 463 833 487 esse
855 450 947 487 dixit
960 465 973 488 .·
1008 452 1127 490 Unde
1154 459 1197 491 et
1224 454 1432 493 Petronius

233 511 397 549 Arbiter
428 511 480 549 ad
513 512 689 550 libidinis
727 516 1067 553 concitamentum
1103 516 1352 563 myrrhinum
1387 531 1431 556 se

234 575 420 621 poculum
440 576 586 613 bibisse
606 575 732 613 refert

769 680 894 724 VIII‘

285 748 501 795 Fuigentius
512 749 549 785 in
562 749 781 796 expositione
794 749 1022 797 Virgilianae
1033 753 1270 792 continentiae
1274 767 1315 800 p.
1329 755 1428 792 156.-

230 811 454 849 Tricerberi
481 815 588 849 enim
615 812 791 850 fabulam
813 815 891 851 iam
915 818 1094 861 superius
1117 820 1369 863 exposuimus
1386 821 1430 856 in

231 875 392 912 modum
422 877 539 921 iurgii
570 875 818 922 forensisque
848 877 967 923 litigii
996 881 1176 925 positam.
1238 880 1357 918 Unde
1386 886 1430 920 et

233 938 440 976 Petronius
477 941 520 975 in
558 938 731 976 Euscion
768 942 826 977 ait
863 931 1092 979 “Cerberus
1134 941 1302 981 forensis
1340 949 1427 983 erat

229 1001 479 1039 causidicus”

784 1106 866 1153 lx*

275 1177 492 1225 Fulgentius
530 1178 566 1214 in
605 1178 823 1224 expositione
860 1192 1061 1217 sermonum
1104 1180 1332 1228 antiquorum
1370 1185 1426 1229 ‚42

225 1255 263 1288 ρ.
294 1240 378 1278 565
405 1240 567 1278 Merceri
581 1255 593 1278 .·
626 1241 836 1279 Ferculum
866 1242 1012 1279 dicitur
1040 1246 1204 1281 missum
1235 1249 1422 1284 earnium.
1493 1247 1495 1249 ’

230 1304 349 1342 Unde
379 1308 422 1341 et
452 1304 661 1342 Petronius
690 1305 854 1342 Arbiter
881 1308 938 1342 ait
958 1296 1201 1353 “postquam
1229 1307 1425 1347 ferculum

227 1367 393 1405 allatum
414 1367 507 1405 est”

800 1480 860 1523 X·

281 1548 496 1596 Fuigentius
513 1548 645 1586 ibidem
662 1550 718 1594 46
733 1563 771 1595 p.
794 1549 875 1586 565
886 1563 899 1586 .·
930 1549 1071 1596 Valgia
1085 1564 1178 1588 vero
1193 1556 1287 1589 sunt
1300 1551 1423 1591 label-

227 1613 355 1650 lorum
387 1613 634 1649 obtortiones
672 1615 714 1649 in
753 1616 1004 1659 supinatione
1037 1613 1178 1652 factae.
1237 1615 1349 1653 Sicut
1381 1621 1425 1654 et

230 1676 437 1713 Petronius
456 1678 512 1713 ait
533 1666 726 1713 “obtorto
746 1676 916 1722 valgiter
935 1676 1113 1714 labello''

783 1810 865 1855 XI*

279 1881 316 1919 F
315 1881 497 1927 mgentius
515 1880 647 1918 ibidem
666 1880 721 1918 52
735 1894 774 1927 p.
797 1881 878 1919 566
883 1896 895 1918 .·
925 1882 1140 1920 Alucinare
1160 1883 1306 1921 dicitur
1324 1897 1424 1922 vana

224 1947 422 1990 somniari,
443 1949 618 1981 tractum
643 1944 693 1980 ab
716 1944 884 1989 educitis,
909 1958 1006 1990 quos
1030 1959 1102 1982 nos
1129 1959 1300 1993 conopes
1326 1947 1422 1984 dici-

223 2021 321 2045 mus.
355 2007 468 2045 Sicut
485 2007 694 2044 Petronius
709 2007 873 2044 Arbiter
887 2010 944 2045 ait
956 1998 1081 2045 “nam
1094 2009 1419 2047 contubernalem

221 2071 392 2108 alucitae
411 2070 680 2107 molestabant
689 2070 710 2082 '’

333 2129 411 2163 328

1520 1402 1523 1403 ¹
1522 1246 1534 1392 *nm-ad-
1522 1098 1534 1239 emunah-nm.
1528 1083 1534 1093 .

1528 1782 1534 1793 Ὁ
1529 1760 1534 1770 .,
1531 1743 1534 1749 ,,
1521 1594 1534 1721 nanu-enm
1520 1530 1523 1531 ¹
