1534 2470
153 1147 204 1186 74·

450 179 612 218 TITUS
643 179 955 220 PETRONIUS
985 180 1225 220 ARBITER

231 260 316 296 eius
354 257 660 305 intellegebant.
734 260 869 298 Ceteri
914 264 1103 299 convivae
1141 264 1244 299 circa
1279 261 1434 300 labrum

230 323 412 360 manibus
432 325 546 360 nexis
565 324 778 361 currebant
797 329 840 361 et
855 324 1078 371 gingilipho
1092 327 1250 371 ingenti
1264 325 1435 363 clamore

232 386 488 423 exsonabant.
550 386 631 423 Alii
650 391 787 424 autem
803 378 907 433 [aut]
927 390 1120 425 restrictis
1138 388 1320 426 manibus
1337 401 1436 426 anu-

232 448 289 486 los
309 448 360 486 de
388 451 618 495 pavimento
638 451 884 488 conabantur
909 450 1052 488 tollere
1077 456 1148 489 aut
1173 454 1302 498 posito
1326 463 1435 498 genu

232 515 404 549 cervices
424 517 515 558 post
534 517 647 559 terga
669 512 830 550 flectere
851 518 894 551 et
920 513 1069 560 pedum
1097 519 1297 552 extremos
1320 513 1435 561 polli-

232 588 297 613 ces
312 580 490 621 tangere.
532 576 628 622 Nos,
642 575 738 613 dum
751 576 817 613 alii
830 577 905 614 sibi
918 576 1033 614 ludos
1048 577 1213 623 faciunt,
1226 580 1268 614 in
1280 577 1435 623 solium,

231 638 338 685 quod
358 638 641 676 Trimalchioni
661 632 952 686 vaporabatur,1
973 639 1263 678 descendimus.

287 701 394 748 Ergo
414 702 611 740 ebrietate
632 702 807 740 discussa
829 706 871 740 in
891 703 1000 741 aliud
1025 703 1245 741 triclinium
1271 703 1436 741 deducti

232 778 380 812 sumus,
418 766 487 802 ubi
527 765 746 803 Fortunata
784 766 1033 813 disposuerat
1069 766 1247 804 lautitias
1286 757 1409 813 [suas]
1421 758 1437 782 ²

231 830 289 866 ita
325 833 372 866 ut
418 841 536 875 supra
582 828 765 866 lucernas
795 858 802 866 .
836 858 843 866 .
877 858 885 866 .
916 829 1184 876 aeneolosque
1221 832 1437 876 piscatores

232 894 455 929 notaverim
475 897 518 929 et
544 905 702 929 mensas
728 897 835 930 totas
860 898 1072 939 argenteas
1092 892 1315 939 calicesque
1334 895 1438 930 circa

233 954 374 992 fictiles
393 957 593 992 inauratos
613 960 656 992 et
675 958 811 992 vinum
830 958 872 992 in
887 961 1103 1002 conspectu
1118 969 1231 993 sacco
1245 954 1432 993 defluens.

234 1017 336 1055 Tum
363 1017 604 1055 Trimalchio
625 1008 822 1055 “Amici'’
844 1021 975 1064 inquit
995 1009 1151 1056 “hodie
1170 1031 1305 1056 servus
1323 1030 1436 1055 meus

234 1081 499 1118 barbatoriam
523 1081 634 1128 fecit,
653 1081 773 1118 homo
798 1081 1021 1128 praefiscini
1046 1081 1153 1127 frugi
1173 1086 1215 1119 et
1240 1083 1432 1119 micarius.

237 1144 379 1190 Itaque
398 1149 661 1190 tangomenas
682 1144 872 1182 faciamus
893 1149 936 1182 et
955 1157 1080 1191 usque
1099 1147 1142 1181 in
1160 1144 1292 1182 lucem
1317 1156 1435 1182 cene-

233 1206 359 1244 mus.’'
411 1207 527 1244 Haec
554 1207 718 1244 dicente
745 1220 794 1244 eo
819 1207 948 1253 gallus
977 1207 1220 1253 gallinaceus
1248 1209 1432 1244 cantavit.

235 1269 326 1316 Qua
340 1282 437 1307 voce
458 1269 645 1308 confusus
665 1269 905 1307 Trimalchio
920 1273 1057 1307 vinum
1077 1271 1150 1308 sub
1168 1283 1306 1307 mensa
1323 1272 1438 1307 iussit

236 1333 387 1371 effundi
411 1333 697 1379 lucernamque
718 1336 839 1370 etiam
859 1346 970 1371 mero
990 1335 1132 1380 spargi.
1194 1332 1322 1370 Immo
1339 1345 1437 1370 anu-

233 1397 317 1434 lum
336 1399 495 1434 traiecit
514 1399 556 1433 in
576 1396 784 1433 dexteram
802 1410 966 1434 manum
986 1401 1030 1434 et
1048 1386 1073 1404 “
1081 1409 1163 1433 non
1183 1398 1268 1433 sine
1287 1394 1435 1433 causa”

234 1462 365 1506 inquit
380 1450 479 1496 “hie
495 1459 663 1497 bucinus
683 1462 841 1506 signum
857 1459 991 1504 dedit3
1011 1473 1104 1496 nam
1118 1464 1188 1496 aut
1206 1458 1437 1496 incendium

234 1523 394 1565 oportet
431 1517 514 1564 fiat,
544 1523 614 1554 aut
647 1517 787 1564 aliquis
825 1520 868 1554 in
897 1520 1040 1554 vicinia
1071 1520 1244 1554 animam
1275 1517 1432 1558 abiciet,

237 1577 374 1622 Longe
386 1589 410 1613 a
423 1577 547 1613 nobis.
581 1576 723 1622 Itaque
739 1578 915 1622 quisquis
929 1576 1036 1613 hunc
1051 1575 1225 1612 indicem
1239 1574 1434 1623 attulerit,

234 1635 483 1674 corollarium
509 1635 718 1681 accipiet.''
770 1634 890 1672 Dicto
919 1637 1034 1672 citius
1058 1634 1110 1671 de
1135 1636 1279 1670 vicinia
1305 1633 1433 1680 gallus

231 1694 374 1731 allatus
390 1698 464 1740 est,
480 1706 600 1740 quem
615 1692 855 1730 Trimalchio
869 1687 1018 1730 occidi3
1038 1695 1164 1738 iussit,
1183 1697 1230 1729 ut
1248 1704 1350 1729 aeno
1369 1703 1432 1728 co-

232 1758 320 1791 ctus
335 1753 459 1790 fieret.
484 1751 698 1789 Laceratus
713 1754 836 1797 igitur
850 1752 901 1788 ab
916 1751 984 1788 illo
999 1751 1227 1789 doctissimo
1241 1763 1349 1796 coc0,
1363 1753 1431 1796 qm·

231 1811 350 1859 paulo
368 1815 464 1848 ante
485 1810 536 1847 de
555 1823 675 1857 porco
694 1822 787 1848 aves
811 1812 1019 1856 piscesque
1045 1809 1211 1855 fecerat,
1230 1811 1273 1846 in
1299 1821 1432 1845 cacca-

231 1872 327 1909 bum
347 1874 409 1908 est
429 1871 642 1906 coniectus.
690 1868 879 1914 Dumque
907 1867 1108 1905 Daedalus
1128 1869 1333 1914 potionem
1353 1865 1431 1903 fer-

275 1940 544 1982 ‘vaporabatur
570 1939 784 1972 Buecheler:
811 1942 1033 1981 pervapatur
1057 1937 1113 1980 (in
1139 1949 1250 1980 marg.
1279 1935 1433 1979 paraba-

227 1983 382 2060 tu¹²²)suas
398 2026 545 2060 marked
547 2026 613 2067 sbr
626 2025 776 2057 deletion
793 2024 832 2055 in
848 2024 928 2056 MS.

273 2069 288 2091 ⁸
298 2071 413 2104 occidi
431 2070 549 2102 added
560 2069 604 2111 hy
617 2067 819 2102 Buecheler.

343 2142 418 2176 144
