1534 2470
483 208 645 247 TITUS
676 208 988 249 PETRONIUS
1016 208 1256 247 ARBITER

263 291 305 327 in
324 291 554 336 pavimento
572 290 755 327 manibus
775 289 982 327 dominum
1010 289 1155 328 lumbis
1183 292 1263 328 suis
1291 302 1463 332 commo-
1520 292 1523 293 ⁷

262 352 386 386 veret.
419 347 494 385 Ille
507 339 635 385 lente1
649 348 815 394 parebat
828 349 995 393 imperio
1005 347 1243 395 puellaeque
1253 347 1463 390 artificium

262 408 347 453 pari
371 411 485 443 motu
513 406 803 443 remunerabat.
867 406 963 443 Cum
989 418 1085 452 ergo
1109 419 1173 444 res
1197 406 1250 444 ad
1275 406 1461 448 effectum

261 469 475 511 spectaret,
496 464 600 502 clara
623 464 842 511 Eumolpus
867 476 964 501 voce
991 463 1275 502 exhortabatur
1303 465 1460 512 Coraca,

261 528 308 561 ut
335 526 523 570 spissaret
550 523 730 560 officium.
790 522 855 561 Sic
883 525 990 560 inter
1017 525 1335 561 mercennarium
1361 526 1460 566 ami-

262 595 429 628 camque
448 584 599 628 positus
615 594 736 619 senex
752 581 877 619 veluti
891 581 1137 619 oscillatione
1150 581 1327 620 ludebat.
1368 582 1460 619 Hoc

260 641 386 678 semel
414 643 640 686 iterumque
668 643 826 686 ingenti
854 642 947 686 risu,
977 642 1099 677 etiam
1127 653 1210 686 suo,
1240 640 1458 687 Eumolpus

260 699 422 737 fecerat.
455 699 597 745 Itaque
618 712 693 745 ego
709 711 879 745 quoque,
895 711 947 736 ne
962 698 1115 736 desidia
1128 698 1459 737 consuetudinem

261 758 485 805 perderem,
505 757 602 795 dum
621 756 745 794 frater
763 759 904 794 sororis
931 769 1024 794 suae
1049 761 1253 794 automata
1279 770 1352 804 per
1379 756 1459 794 clo-

260 816 423 854 stellum
455 819 633 862 miratur,
670 818 818 853 accessi
855 819 1136 861 temptaturus,
1169 828 1222 852 an
1253 819 1460 862 pateretur

260 877 454 912 iniuriam.
513 874 600 912 Nec
633 887 675 912 se
708 874 899 911 reiciebat
927 887 950 910 a
978 873 1181 911 blanditiis
1209 873 1458 912 doctissimus

260 947 373 981 puer,
392 933 463 971 sed
482 946 547 970 me
567 946 717 970 numen
735 935 940 969 inimicum
958 932 1014 969 ibi
1033 943 1190 978 quoque
1209 934 1391 970 invenit.

316 982 422 1029 “Dii
436 994 604 1029 maiores
619 996 725 1037 sunt,
741 993 808 1037 qui
823 1003 888 1028 me
903 993 1191 1028 restituerunt
1181 1003 1223 1027 ιιι
1241 993 1453 1036 integrum

263 1047 483 1085 Mercurius
503 1049 624 1092 enim,
645 1049 712 1092 qui
731 1049 881 1083 animas
900 1045 1047 1082 ducere
1067 1050 1110 1082 et
1128 1045 1319 1083 reducere
1341 1045 1451 1093 solet,

260 1105 340 1140 suis
359 1102 561 1140 beneficiis
579 1101 757 1138 reddidit
775 1100 886 1147 mihi,
906 1100 1013 1146 quod
1031 1113 1171 1138 manus
1189 1102 1289 1137 irata
1306 1102 1457 1147 praeci-

257 1157 388 1203 derat,
402 1162 450 1195 ut
463 1159 561 1194 scias
580 1169 645 1194 me
664 1158 937 1202 gratiosiorem
958 1167 1043 1192 esse
1063 1168 1182 1201 quam
1197 1154 1456 1193 Protesilaum

260 1218 341 1250 aut¹
367 1225 608 1258 quemquam
640 1211 762 1248 alium
799 1210 1090 1256 antiquorum.”
1150 1210 1264 1247 Haec
1300 1209 1456 1247 locutus
1483 1260 1485 1262 q

259 1267 401 1305 sustuli
415 1269 592 1304 tunicam
608 1266 882 1312 Eumolpoque
901 1278 966 1302 me
985 1269 1117 1302 totum
1135 1264 1359 1318 approbavi.
1397 1264 1456 1302 At

260 1322 328 1360 ille
355 1325 483 1369 primo
512 1321 728 1366 exhorruit,
758 1320 906 1358 deinde
939 1324 986 1357 ut
1018 1319 1232 1366 plurimum
1259 1319 1455 1366 crederet,

259 1383 427 1423 utraque
446 1390 566 1414 manu
586 1376 751 1413 deorum
770 1375 962 1412 beneficia
979 1379 1127 1412 tractat
1146 1403 1153 1411 .
1177 1402 1186 1411 .
1208 1403 1217 1411 .

315 1423 341 1440 “
349 1432 543 1477 Socrates,
555 1431 721 1468 deorum
732 1430 1019 1475 hominumque
1031 1458 1039 1466 .
1055 1457 1064 1467 .
1079 1457 1104 1474 .‚
1119 1428 1278 1475 gloriari
1289 1427 1454 1475 solebat,

259 1487 366 1533 quod
393 1500 598 1532 nunquam
626 1498 758 1531 neque
786 1488 828 1522 in
855 1485 1064 1522 tabernam
1091 1488 1353 1530 conspexerat
1379 1496 1455 1521 nec

259 1542 377 1580 ullius
396 1542 537 1580 turbae
556 1541 837 1586 frequentioris
863 1539 1030 1576 concilio
1055 1538 1188 1576 oculos
1213 1551 1302 1575 suos
1328 1538 1454 1576 credi-

259 1597 383 1635 derat.
442 1596 558 1633 Adeo
584 1595 685 1632 nihil
705 1600 767 1632 est
786 1594 1029 1632 commodius
1049 1606 1168 1640 quam
1188 1605 1345 1639 semper
1363 1592 1454 1649 cum

258 1653 453 1714 sapientia
471 1651 618 1697 loqui.‘’

328 1697 524 1744 ‘Omnia’'
552 1709 715 1751 inquam
741 1695 854 1742 “ista
879 1717 972 1741 vera
999 1707 1112 1746 sunt;
1144 1715 1220 1740 nec
1247 1701 1320 1739 ulli
1347 1703 1454 1739 enim

258 1761 426 1799 celerius
445 1761 627 1798 homines
646 1759 823 1797 incidere
844 1758 996 1796 debent
1015 1761 1057 1795 in
1075 1757 1219 1794 malam
1240 1756 1453 1802 fortunam,

258 1829 377 1863 quam
396 1818 464 1862 qui
483 1815 658 1853 alienum
678 1816 974 1860 concupiscunt.
1035 1812 1154 1850 Unde
1177 1811 1285 1858 plani
1304 1816 1454 1857 autem,

257 1871 365 1909 unde
384 1871 580 1908 levatores
600 1873 794 1915 viverent,
814 1871 889 1905 nisi
909 1873 979 1904 aut
997 1867 1159 1904 locellos
1178 1871 1248 1902 aut
1266 1870 1452 1903 sonantes

255 1939 347 1964 aere
375 1925 540 1963 sacellos
560 1938 630 1971 pro
650 1924 776 1961 hamis
802 1926 844 1960 in
869 1923 1027 1960 turbam
1050 1921 1285 1958 mitterent?
1341 1919 1452 1958 Sicut

255 1986 367 2018 muta
385 1980 570 2017 animalia
590 1980 678 2016 cibo
698 1981 937 2023 inescantur,
958 1980 1013 2014 sic
1032 1975 1214 2013 homines
1232 1987 1315 2012 non
1337 1986 1452 2021 cape·

255 2041 394 2074 rentur
412 2038 488 2073 nisi
508 2037 593 2081 spei
612 2033 761 2079 aliquid
781 2031 1042 2069 morderent'’
1064 2060 1076 2076 ,
1096 2059 1104 2067 .
1126 2057 1137 2069 .

613 2107 731 2140 ²1ente
747 2108 929 2150 Scioppius
939 2118 951 2138 .·
974 2108 1079 2140 lento.

363 2166 438 2202 31¹8
