1534 2470
500 211 661 254 TITUS
692 211 1004 257 PETRONIUS
1033 217 1272 258 ARBITER

195 289 268 331 LO
365 284 371 340 Ι
389 293 592 341 Quicquid
606 298 648 332 in
663 296 758 334 orbe
774 297 897 343 vides,
911 303 1026 344 paret
1034 299 1144 337 mihi.
1179 300 1337 339 Florida
1347 301 1481 349 tellus,

387 374 478 399 cum
498 362 599 409 volo,
620 366 775 401 siccatis
794 367 938 402 arescit
957 364 1147 412 languida
1166 370 1282 415 sucis,

386 442 477 466 cum
486 429 587 475 volo,
596 429 731 467 fundit
739 443 846 477 opes,
856 431 1086 479 scopulique
1095 438 1216 480 atque
1224 434 1383 473 horrida
1390 448 1482 474 saxa

386 495 558 533 Niliacas
577 496 801 534 iaculantur
819 511 950 544 aquas.
988 499 1091 536 Mihi
1110 505 1257 547 pontus
1275 504 1426 541 inertes

384 563 588 600 submittit
607 563 762 610 fluctus,
782 564 1027 612 zephyrique
1047 570 1222 605 tacentia
1241 574 1399 615 ponunt

383 634 479 667 ante
495 643 604 668 meos
619 643 689 668 sua
702 630 823 668 flabra
836 631 972 678 pedes.
1000 632 1103 670 Mihi
1115 633 1277 672 flumina
1290 641 1435 682 parent

385 697 680 743 Hyrcanaeque
700 700 825 743 tigres
845 703 888 735 et
907 701 1001 736 iussi
1021 705 1126 738 stare
1145 701 1348 740 dracones.

384 762 494 810 Quid
513 763 661 801 leviora
681 764 848 811 loquor?
878 765 1017 804 Lunae
1037 766 1249 806 descendit
1273 771 1406 816 imago

383 831 622 868 carminibus
642 831 817 868 deducta
835 835 948 879 meis,
963 834 1223 881 trepidusque
1242 835 1424 875 furentes

381 893 543 931 flectere
565 894 749 932 Phoebus
769 908 891 941 equos
910 896 1092 934 revoluto
1111 901 1268 944 cogitur
1286 899 1392 937 orbe.

381 956 556 994 Tantum
571 957 679 994 dicta
693 957 840 996 valent.
878 958 1097 998 Taurorum
1111 960 1268 999 flamma
1281 965 1451 1008 quiescit

381 1023 568 1067 virgineis
588 1024 787 1059 exstincta
805 1025 936 1069 sacris,
958 1022 1158 1061 Phoebeia
1173 1024 1284 1063 Circe

379 1084 619 1121 carminibus
638 1087 801 1130 magicis
821 1088 946 1123 socios
964 1090 1136 1125 mutavit
1154 1087 1293 1136 Vlixis,

382 1146 548 1185 Proteus
569 1160 655 1185 esse
675 1147 778 1185 solet
793 1149 982 1195 quicquid
997 1149 1107 1187 libet.
1141 1151 1218 1189 His
1234 1164 1309 1198 ego
1324 1151 1473 1191 callens

378 1210 529 1247 artibus
550 1210 691 1247 Idaeos
710 1209 875 1248 frutices
894 1213 936 1248 in
954 1215 1115 1259 gurgite
1135 1216 1271 1251 sistam

379 1278 422 1310 et
440 1286 573 1311 rursus
592 1273 728 1311 fluvios
747 1276 789 1311 in
809 1287 963 1312 summo
982 1279 1132 1314 vertice
1151 1277 1336 1324 ponam.”

164 1340 238 1374 135
325 1335 508 1374 Inhorrui
529 1349 604 1383 ego
623 1341 707 1374 tam
722 1336 900 1375 fabulosa
915 1338 1203 1385 pollicitatione
1218 1344 1470 1389 conterritus,
1524 1331 1526 1333 Ι

266 1413 468 1446 anumque
487 1402 683 1446 inspicere
703 1400 937 1446 diligentius
957 1404 1071 1449 coepi
1091 1431 1099 1439 .
1123 1431 1131 1440 .
1155 1432 1162 1440 .

267 1453 293 1471 “
306 1462 444 1509 Ergo”
467 1463 663 1500 exclamat
683 1463 897 1502 Oenothea
917 1455 1116 1512 “imperio
1134 1467 1304 1513 parete’'
1327 1496 1336 1506 .
1358 1496 1367 1506 .
1390 1496 1399 1506 .

266 1525 515 1572 detersisque
545 1529 696 1564 curiose
720 1527 902 1565 manibus
928 1527 1134 1567 inclinavit
1153 1542 1195 1567 se
1214 1532 1256 1568 in
1274 1530 1468 1569 lectulum

265 1603 311 1627 ac
326 1602 391 1627 me
410 1589 535 1627 semel
555 1592 780 1636 iterumque
801 1590 967 1628 basiavit
987 1620 995 1628 .
1018 1620 1026 1628 .
1050 1620 1058 1629 .

211 1651 246 1689 L
282 1643 287 1698 Ι
320 1651 534 1690 Oenothea
559 1665 739 1690 mensam
762 1658 942 1691 veterem
969 1657 1102 1701 posuit
1121 1657 1163 1693 in
1182 1655 1315 1694 medio
1337 1656 1465 1703 altari,

265 1728 383 1763 quam
411 1717 508 1753 vivis
546 1715 728 1762 implevit
761 1717 1008 1763 carbonibus,
1038 1722 1081 1755 et
1108 1718 1315 1757 camellam
1344 1723 1465 1758 etiam

263 1783 466 1816 vetustate
481 1783 639 1825 ruptam
658 1781 746 1825 pice
767 1783 991 1826 temperata
1005 1780 1157 1818 refecit.
1180 1781 1282 1820 Tum
1297 1781 1464 1829 clavum,

264 1844 332 1888 qui
360 1840 644 1880 detrahentem
674 1846 833 1879 secutus
862 1855 953 1880 cum
982 1843 1148 1881 camella
1167 1843 1301 1891 lignea
1320 1844 1464 1892 fuerat,

155 1903 189 1941 L
200 1903 233 1942 O
252 1903 407 1942 fumoso
425 1906 569 1952 parieti
589 1903 775 1941 reddidit.
812 1895 816 1949 Ι
837 1904 932 1942 Mox
945 1907 1119 1943 incincta
1134 1906 1326 1954 quadrato
1345 1907 1464 1955 pallio

263 1980 470 2005 cucumam
499 1969 709 2012 ingentem
729 1966 817 2004 foco
845 1971 1042 2014 apposuit,
1063 1969 1259 2015 simulque
1287 1983 1463 2016 pannum

262 2029 314 2067 de
341 2032 517 2067 carnario
540 2029 689 2067 detulit
714 2029 838 2076 furca,
865 2033 906 2067 in
935 2043 1013 2076 quo
1037 2030 1128 2068 faba
1157 2037 1242 2069 erat
1269 2032 1320 2070 ad
1348 2046 1461 2071 usum

207 2091 243 2130 L
260 2096 434 2140 reposita
465 2084 470 2138 Ι
503 2098 546 2130 et
585 2095 779 2140 sincipitis
817 2096 1084 2132 vetustissima
1122 2095 1314 2141 particula
1350 2095 1460 2134 mille

371 2167 450 2201 302
