1500 2470
453 223 614 263 TITUS
646 225 958 265 PETRONIUS
987 226 1228 264 ARBITER

232 308 349 341 cutus
374 309 567 350 putamen
590 318 712 343 manu
738 308 1040 352 pinguissimam
1066 307 1276 345 ficedulam
1302 309 1438 345 inveni

231 370 414 414 piperato
433 368 571 405 vitello
591 369 887 407 circumdatam.

151 434 202 467 34
288 431 373 468 Iam
393 431 634 469 Trimalchio
653 432 795 470 eadem
815 436 948 470 omnia
966 433 1055 471 lusu
1074 437 1302 472 intermisso
1315 447 1437 481 popo-

231 499 362 532 scerat
373 494 604 542 feceratque
617 500 862 542 potestatem
875 496 979 533 clara
991 510 1100 543 voce,
1113 500 1146 534 si
1158 500 1245 544 quis
1257 501 1436 535 nostrum

231 560 378 595 iterum
411 558 537 596 vellet
569 559 742 596 mulsum
777 573 948 606 sumere,
983 573 1074 597 cum
1107 561 1240 598 subito
1277 563 1437 606 signum

231 621 469 668 symphonia
484 621 602 659 datur
617 627 660 660 et
674 626 895 668 gustatoria
908 626 1059 670 pariter
1073 636 1097 660 a
1111 623 1232 660 choro
1247 628 1436 661 cantante

231 687 449 731 rapiuntur.
510 685 699 723 Ceterum
725 689 832 723 inter
858 686 1078 724 tumultum
1104 699 1195 724 cum
1221 686 1326 724 forte
1348 699 1436 733 par-

231 751 336 794 opsis
356 748 571 786 excidisset
590 754 633 786 et
655 762 755 795 puer
778 752 978 787 iacentem
1002 749 1240 796 sustulisset,
1259 749 1436 787 animad-

231 814 353 848 vertit
386 811 626 848 Trimalchio
664 812 920 858 colaphisque
958 813 1157 859 obiurgari
1189 826 1358 859 puerum
1390 825 1437 850 ac

232 877 409 920 proicere
448 887 581 912 rursus
623 875 876 921 paropsidem
918 879 1042 913 iussit.
1122 876 1332 914 Insecutus
1373 880 1436 913 est

231 929 472 975 lecticarius¹
505 942 798 984 argentumque
836 941 944 976 inter
980 937 1133 985 reliqua
1170 933 1436 985 purgamenta

176 1000 222 1037 H
232 1003 359 1047 scopis
397 1003 531 1047 coepit
570 1013 762 1038 everrere.
810 992 815 1047 Ι
858 1001 1038 1039 Subinde
1071 1004 1323 1039 intraverunt
1355 1001 1435 1039 duo

230 1063 453 1111 Aethiopes
473 1064 648 1110 capillati
669 1077 759 1101 cum
779 1064 932 1111 pusillis
955 1065 1124 1111 utribus,
1143 1065 1280 1111 quales
1303 1064 1435 1103 solent

230 1140 317 1165 esse
337 1130 405 1174 qui
421 1127 611 1165 harenam
626 1130 668 1164 in
683 1127 980 1174 amphitheatro
995 1133 1201 1174 spargunt,
1217 1131 1433 1175 vinumque

229 1190 379 1228 dedere
398 1193 440 1227 in
459 1203 621 1235 manus;
649 1204 793 1237 aquam
813 1194 921 1228 enim
940 1204 1061 1228 nemo
1079 1195 1266 1238 porrexit.

135 1253 213 1290 HL
282 1247 287 1299 Ι
321 1253 524 1290 Laudatus
543 1258 708 1300 propter
727 1253 947 1299 elegantias
967 1253 1150 1291 dominus
1175 1245 1430 1300 “Aequum'’

229 1320 360 1363 inquit
389 1307 531 1354 “Mars
560 1321 677 1354 amat.
733 1316 875 1363 Itaque
895 1309 1008 1354 iussi²
1027 1330 1138 1354 suam
1158 1320 1301 1363 cuique
1320 1330 1431 1354 men-

227 1393 311 1418 sam
330 1382 531 1426 assignari.
593 1380 737 1417 Obiter
766 1385 809 1417 et
838 1373 1096 1426 putidissimi⁸
1115 1383 1218 1418 servi
1237 1383 1431 1417 minorem

226 1444 341 1481 nobis
360 1448 517 1481 aestum
537 1442 764 1489 frequentia
783 1456 852 1480 sua
872 1443 1060 1481 facient.”

281 1506 428 1545 Statim
465 1506 609 1543 allatae
647 1511 742 1543 sunt
779 1506 993 1552 amphorae
1027 1509 1178 1544 vitreae
1215 1505 1433 1552 diligenter

225 1574 431 1616 gypsatae,
461 1582 628 1615 quarum
656 1572 698 1606 in
727 1570 946 1606 cervicibus
974 1571 1139 1615 pittacia
1172 1573 1288 1606 erant
1319 1569 1432 1606 affixa

225 1647 316 1670 cum
348 1632 448 1685 hoc·
463 1632 602 1670 titulo:
650 1623 897 1669 “Falernum
941 1632 1198 1678 Opimianum
1236 1644 1430 1668 annorum

224 1696 428 1733 centum.’'
487 1695 595 1732 Dum
614 1694 753 1732 titulos
769 1694 1024 1741 perlegimus,
1040 1694 1249 1740 complosit
1263 1693 1429 1731 Trimal-

224 1759 314 1796 chio
337 1771 477 1795 manus
502 1763 545 1795 et
571 1748 752 1794 “Eheu”
779 1760 911 1803 inquit
935 1748 1064 1803 “ergo
1091 1757 1240 1794 diutius
1267 1759 1364 1794 vivit
1392 1748 1399 1803 Ι

155 1823 203 1861 H
219 1825 355 1859 vinum
371 1835 489 1868 quam
505 1821 729 1858 homuncio.
782 1819 916 1866 Quare
932 1812 1214 1866 tengomenas⁴
1227 1819 1425 1857 faciamus.

125 1885 205 1925 HL
224 1888 306 1923 vita
337 1876 343 1931 Ι
375 1887 512 1922 vinum
527 1888 600 1922 est.
661 1884 810 1921 Verum
825 1884 1083 1930 Opimianum
1096 1887 1266 1930 praesto.
1326 1883 1426 1920 Heri

379 1960 387 1979 ¹
399 1959 706 2001 supellecticarius
722 1959 857 1991 Dousa.

373 2011 387 2031 ⁵¹
398 2011 483 2043 iussi
498 2011 690 2042 Burmann
701 2021 714 2041 .·
737 2010 840 2041 iussit
856 2010 961 2042 MSS.

372 2062 387 2084 ⁸
398 2062 612 2105 putidissimi
631 2061 801 2093 Heinsius
815 2073 824 2093 ι
847 2061 1034 2103 pudissimi
1050 2072 1090 2093 or
1104 2059 1277 2103 fidissimi.

372 2114 386 2135 ⁴
397 2119 637 2156 tengomenas
652 2112 868 2144 Buecheler:
891 2117 1143 2148 tangomenas.

331 2170 384 2205 50
