<?xml version="1.0" encoding="UTF-8"?>
<!DOCTYPE html PUBLIC "-//W3C//DTD XHTML 1.0 Transitional//EN"
    "http://www.w3.org/TR/xhtml1/DTD/xhtml1-transitional.dtd">
<html xmlns="http://www.w3.org/1999/xhtml" xml:lang="en" lang="en">
 <head>
  <title>
</title>
<meta http-equiv="Content-Type" content="text/html;charset=utf-8" />
  <meta name='ocr-system' content='tesseract 3.04.00' />
  <meta name='ocr-capabilities' content='ocr_page ocr_carea ocr_par ocr_line ocrx_word'/>
</head>
<body>
  <div class='ocr_page' id='page_1' title='image "./petronius00petruoft_0098.png"; bbox 0 0 1500 2470; ppageno 0'>
   <div class='ocr_carea' id='block_1_1' title="bbox 430 214 1206 256">
    <p class='ocr_par' dir='ltr' id='par_1_1' title="bbox 430 214 1206 256">
     <span class='ocr_line' id='line_1_1' title="bbox 430 214 1206 256; baseline 0.004 -4"><span class='ocrx_word' id='word_1_1' title='bbox 430 214 592 254; x_wconf 92' lang='lat' dir='ltr'>TITUS</span> <span class='ocrx_word' id='word_1_2' title='bbox 624 215 936 256; x_wconf 87' lang='lat' dir='ltr'>PETRONIUS</span> <span class='ocrx_word' id='word_1_3' title='bbox 966 216 1206 255; x_wconf 90' lang='lat' dir='ltr'><strong>ARBITER</strong></span> 
     </span>
    </p>
   </div>
   <div class='ocr_carea' id='block_1_2' title="bbox 207 297 1417 980">
    <p class='ocr_par' dir='ltr' id='par_1_2' title="bbox 207 297 1417 980">
     <span class='ocr_line' id='line_1_2' title="bbox 208 297 1416 345; baseline 0.004 -11"><span class='ocrx_word' id='word_1_4' title='bbox 208 297 335 338; x_wconf 68' lang='lat' dir='ltr'><strong>„olida</strong></span> <span class='ocrx_word' id='word_1_5' title='bbox 360 302 538 345; x_wconf 87' lang='lat' dir='ltr'><strong>centum,</strong></span> <span class='ocrx_word' id='word_1_6' title='bbox 566 304 609 337; x_wconf 88' lang='lat' dir='ltr'><strong>et</strong></span> <span class='ocrx_word' id='word_1_7' title='bbox 635 301 768 338; x_wconf 76' lang='lat' dir='ltr'><strong>omnia</strong></span> <span class='ocrx_word' id='word_1_8' title='bbox 793 302 836 338; x_wconf 92' lang='lat' dir='ltr'><strong>in</strong></span> <span class='ocrx_word' id='word_1_9' title='bbox 861 303 1034 339; x_wconf 91' lang='lat' dir='ltr'><strong>nummis</strong></span> <span class='ocrx_word' id='word_1_10' title='bbox 1059 300 1212 339; x_wconf 89' lang='lat' dir='ltr'><strong>habuit.</strong></span> <span class='ocrx_word' id='word_1_11' title='bbox 1282 301 1347 340; x_wconf 90' lang='lat' dir='ltr'><strong>De</strong></span> <span class='ocrx_word' id='word_1_12' title='bbox 1372 313 1416 339; x_wconf 89' lang='lat' dir='ltr'><strong>re</strong></span> 
     </span>
     <span class='ocr_line' id='line_1_3' title="bbox 207 363 1416 410; baseline 0.004 -12"><span class='ocrx_word' id='word_1_13' title='bbox 207 366 346 399; x_wconf 86' lang='lat' dir='ltr'><strong>tamen</strong></span> <span class='ocrx_word' id='word_1_14' title='bbox 366 374 442 408; x_wconf 91' lang='lat' dir='ltr'><strong>ego</strong></span> <span class='ocrx_word' id='word_1_15' title='bbox 461 375 599 400; x_wconf 88' lang='lat' dir='ltr'><strong>verum</strong></span> <span class='ocrx_word' id='word_1_16' title='bbox 613 363 755 410; x_wconf 86' lang='lat' dir='ltr'><strong>dicam,</strong></span> <span class='ocrx_word' id='word_1_17' title='bbox 769 366 837 410; x_wconf 91' lang='lat' dir='ltr'><strong>qui</strong></span> <span class='ocrx_word' id='word_1_18' title='bbox 848 363 1027 410; x_wconf 86' lang='lat' dir='ltr'><strong>linguam</strong></span> <span class='ocrx_word' id='word_1_19' title='bbox 1042 367 1225 402; x_wconf 82' lang='lat' dir='ltr'><strong>caninam</strong></span> <span class='ocrx_word' id='word_1_20' title='bbox 1237 364 1416 403; x_wconf 89' lang='lat' dir='ltr'><strong>comedi:</strong></span> 
     </span>
     <span class='ocr_line' id='line_1_4' title="bbox 208 425 1414 475; baseline 0.003 -13"><span class='ocrx_word' id='word_1_21' title='bbox 208 425 332 463; x_wconf 88' lang='lat' dir='ltr'><strong>durae</strong></span> <span class='ocrx_word' id='word_1_22' title='bbox 365 425 515 463; x_wconf 90' lang='lat' dir='ltr'><strong>buccae</strong></span> <span class='ocrx_word' id='word_1_23' title='bbox 549 426 639 473; x_wconf 87' lang='lat' dir='ltr'><strong>fuit,</strong></span> <span class='ocrx_word' id='word_1_24' title='bbox 673 426 891 474; x_wconf 88' lang='lat' dir='ltr'><strong>linguosus,</strong></span> <span class='ocrx_word' id='word_1_25' title='bbox 927 427 1135 475; x_wconf 90' lang='lat' dir='ltr'><strong>discordia,</strong></span> <span class='ocrx_word' id='word_1_26' title='bbox 1169 441 1251 466; x_wconf 92' lang='lat' dir='ltr'><strong>non</strong></span> <span class='ocrx_word' id='word_1_27' title='bbox 1283 428 1414 466; x_wconf 90' lang='lat' dir='ltr'><strong>homo.</strong></span> 
     </span>
     <span class='ocr_line' id='line_1_5' title="bbox 209 488 1416 539; baseline 0.003 -14"><span class='ocrx_word' id='word_1_28' title='bbox 209 488 350 526; x_wconf 84' lang='lat' dir='ltr'><strong>Frater</strong></span> <span class='ocrx_word' id='word_1_29' title='bbox 381 491 466 527; x_wconf 90' lang='lat' dir='ltr'><strong>eius</strong></span> <span class='ocrx_word' id='word_1_30' title='bbox 504 489 618 527; x_wconf 87' lang='lat' dir='ltr'><strong>fortis</strong></span> <span class='ocrx_word' id='word_1_31' title='bbox 649 489 740 537; x_wconf 89' lang='lat' dir='ltr'><strong>fuit,</strong></span> <span class='ocrx_word' id='word_1_32' title='bbox 772 493 921 528; x_wconf 90' lang='lat' dir='ltr'><strong>amicus</strong></span> <span class='ocrx_word' id='word_1_33' title='bbox 951 494 1092 538; x_wconf 88' lang='lat' dir='ltr'><strong>amico,</strong></span> <span class='ocrx_word' id='word_1_34' title='bbox 1130 505 1251 529; x_wconf 91' lang='lat' dir='ltr'><strong>manu</strong></span> <span class='ocrx_word' id='word_1_35' title='bbox 1284 491 1416 539; x_wconf 90' lang='lat' dir='ltr'><strong>plena,</strong></span> 
     </span>
     <span class='ocr_line' id='line_1_6' title="bbox 208 544 1417 601; baseline 0.002 -12"><span class='ocrx_word' id='word_1_36' title='bbox 208 544 353 590; x_wconf 86' lang='lat' dir='ltr'><strong>uncta1</strong></span> <span class='ocrx_word' id='word_1_37' title='bbox 365 565 514 590; x_wconf 87' lang='lat' dir='ltr'><strong>mensa.</strong></span> <span class='ocrx_word' id='word_1_38' title='bbox 538 553 592 590; x_wconf 93' lang='lat' dir='ltr'><strong>Et</strong></span> <span class='ocrx_word' id='word_1_39' title='bbox 604 556 710 590; x_wconf 88' lang='lat' dir='ltr'><strong>inter</strong></span> <span class='ocrx_word' id='word_1_40' title='bbox 722 556 837 591; x_wconf 87' lang='lat' dir='ltr'><strong>initia</strong></span> <span class='ocrx_word' id='word_1_41' title='bbox 850 554 995 591; x_wconf 86' lang='lat' dir='ltr'><strong>malam</strong></span> <span class='ocrx_word' id='word_1_42' title='bbox 1011 567 1166 601; x_wconf 88' lang='lat' dir='ltr'><strong>parram</strong></span> <span class='ocrx_word' id='word_1_43' title='bbox 1181 555 1332 601; x_wconf 85' lang='lat' dir='ltr'><strong>pilavit,</strong></span> <span class='ocrx_word' id='word_1_44' title='bbox 1346 554 1417 592; x_wconf 90' lang='lat' dir='ltr'><strong>sed</strong></span> 
     </span>
     <span class='ocr_line' id='line_1_7' title="bbox 207 617 1417 664; baseline 0.002 -12"><span class='ocrx_word' id='word_1_45' title='bbox 207 618 425 653; x_wconf 81' lang='lat' dir='ltr'><strong>recorrexit</strong></span> <span class='ocrx_word' id='word_1_46' title='bbox 444 621 572 653; x_wconf 88' lang='lat' dir='ltr'><strong>costas</strong></span> <span class='ocrx_word' id='word_1_47' title='bbox 591 617 696 654; x_wconf 91' lang='lat' dir='ltr'><strong>illius</strong></span> <span class='ocrx_word' id='word_1_48' title='bbox 716 620 843 664; x_wconf 90' lang='lat' dir='ltr'><strong>prima</strong></span> <span class='ocrx_word' id='word_1_49' title='bbox 861 617 1082 655; x_wconf 88' lang='lat' dir='ltr'><strong>vindemia:</strong></span> <span class='ocrx_word' id='word_1_50' title='bbox 1107 617 1290 655; x_wconf 79' lang='lat' dir='ltr'><strong>vendidit</strong></span> <span class='ocrx_word' id='word_1_51' title='bbox 1309 620 1417 655; x_wconf 90' lang='lat' dir='ltr'><strong>enim</strong></span> 
     </span>
     <span class='ocr_line' id='line_1_8' title="bbox 208 672 1416 727; baseline 0.002 -11"><span class='ocrx_word' id='word_1_52' title='bbox 208 682 359 725; x_wconf 90' lang='lat' dir='ltr'><strong>vinum,</strong></span> <span class='ocrx_word' id='word_1_53' title='bbox 391 672 556 726; x_wconf 87' lang='lat' dir='ltr'><strong>quanti2</strong></span> <span class='ocrx_word' id='word_1_54' title='bbox 582 682 667 726; x_wconf 90' lang='lat' dir='ltr'><strong>ipse</strong></span> <span class='ocrx_word' id='word_1_55' title='bbox 697 680 832 718; x_wconf 90' lang='lat' dir='ltr'><strong>voluit.</strong></span> <span class='ocrx_word' id='word_1_56' title='bbox 893 681 947 718; x_wconf 88' lang='lat' dir='ltr'><strong>Et</strong></span> <span class='ocrx_word' id='word_1_57' title='bbox 970 680 1077 727; x_wconf 93' lang='lat' dir='ltr'><strong>quod</strong></span> <span class='ocrx_word' id='word_1_58' title='bbox 1105 681 1211 718; x_wconf 87' lang='lat' dir='ltr'><strong>illius</strong></span> <span class='ocrx_word' id='word_1_59' title='bbox 1233 686 1416 718; x_wconf 89' lang='lat' dir='ltr'><strong>mentum</strong></span> 
     </span>
     <span class='ocr_line' id='line_1_9' title="bbox 209 742 1416 791; baseline 0.001 -11"><span class='ocrx_word' id='word_1_60' title='bbox 209 742 383 788; x_wconf 82' lang='lat' dir='ltr'><strong>sustulit,</strong></span> <span class='ocrx_word' id='word_1_61' title='bbox 410 742 680 780; x_wconf 80' lang='lat' dir='ltr'><strong>hereditatem</strong></span> <span class='ocrx_word' id='word_1_62' title='bbox 706 747 874 790; x_wconf 88' lang='lat' dir='ltr'><strong>accepit,</strong></span> <span class='ocrx_word' id='word_1_63' title='bbox 906 757 956 781; x_wconf 86' lang='lat' dir='ltr'><strong>ex</strong></span> <span class='ocrx_word' id='word_1_64' title='bbox 986 757 1065 790; x_wconf 91' lang='lat' dir='ltr'><strong>qua</strong></span> <span class='ocrx_word' id='word_1_65' title='bbox 1094 743 1183 791; x_wconf 90' lang='lat' dir='ltr'><strong>plus</strong></span> <span class='ocrx_word' id='word_1_66' title='bbox 1213 744 1416 790; x_wconf 85' lang='lat' dir='ltr'><strong>involavit,</strong></span> 
     </span>
     <span class='ocr_line' id='line_1_10' title="bbox 208 806 1417 854; baseline 0.002 -11"><span class='ocrx_word' id='word_1_67' title='bbox 208 819 327 853; x_wconf 92' lang='lat' dir='ltr'><strong>quam</strong></span> <span class='ocrx_word' id='word_1_68' title='bbox 354 806 411 843; x_wconf 85' lang='lat' dir='ltr'><strong>illi</strong></span> <span class='ocrx_word' id='word_1_69' title='bbox 438 806 623 844; x_wconf 89' lang='lat' dir='ltr'><strong>relictum</strong></span> <span class='ocrx_word' id='word_1_70' title='bbox 650 811 722 844; x_wconf 78' lang='lat' dir='ltr'><strong>est.</strong></span> <span class='ocrx_word' id='word_1_71' title='bbox 783 807 836 844; x_wconf 91' lang='lat' dir='ltr'><strong>Et</strong></span> <span class='ocrx_word' id='word_1_72' title='bbox 861 807 930 844; x_wconf 92' lang='lat' dir='ltr'><strong>ille</strong></span> <span class='ocrx_word' id='word_1_73' title='bbox 957 810 1068 854; x_wconf 88' lang='lat' dir='ltr'><strong>stips,</strong></span> <span class='ocrx_word' id='word_1_74' title='bbox 1092 807 1189 845; x_wconf 90' lang='lat' dir='ltr'><strong>dum</strong></span> <span class='ocrx_word' id='word_1_75' title='bbox 1215 806 1328 845; x_wconf 85' lang='lat' dir='ltr'><strong>fratri</strong></span> <span class='ocrx_word' id='word_1_76' title='bbox 1346 820 1417 845; x_wconf 94' lang='lat' dir='ltr'><strong>suo</strong></span> 
     </span>
     <span class='ocr_line' id='line_1_11' title="bbox 207 870 1414 917; baseline 0.001 -10"><span class='ocrx_word' id='word_1_77' title='bbox 207 872 401 916; x_wconf 83' lang='lat' dir='ltr'><strong>irascitur,</strong></span> <span class='ocrx_word' id='word_1_78' title='bbox 421 872 556 907; x_wconf 90' lang='lat' dir='ltr'><strong>nescio</strong></span> <span class='ocrx_word' id='word_1_79' title='bbox 580 873 643 907; x_wconf 90' lang='lat' dir='ltr'><strong>cui</strong></span> <span class='ocrx_word' id='word_1_80' title='bbox 665 875 796 908; x_wconf 86' lang='lat' dir='ltr'><strong>terrae</strong></span> <span class='ocrx_word' id='word_1_81' title='bbox 821 870 900 907; x_wconf 89' lang='lat' dir='ltr'><strong>filio</strong></span> <span class='ocrx_word' id='word_1_82' title='bbox 924 873 1207 917; x_wconf 87' lang='lat' dir='ltr'><strong>patrimonium</strong></span> <span class='ocrx_word' id='word_1_83' title='bbox 1230 870 1414 916; x_wconf 87' lang='lat' dir='ltr'><strong>elegavit.</strong></span> 
     </span>
     <span class='ocr_line' id='line_1_12' title="bbox 209 933 1416 980; baseline 0 -10"><span class='ocrx_word' id='word_1_84' title='bbox 209 933 349 979; x_wconf 88' lang='lat' dir='ltr'><strong>Longe</strong></span> <span class='ocrx_word' id='word_1_85' title='bbox 362 933 480 979; x_wconf 86' lang='lat' dir='ltr'><strong>fugit,</strong></span> <span class='ocrx_word' id='word_1_86' title='bbox 489 936 666 980; x_wconf 88' lang='lat' dir='ltr'><strong>quisquis</strong></span> <span class='ocrx_word' id='word_1_87' title='bbox 675 947 764 971; x_wconf 89' lang='lat' dir='ltr'><strong>suos</strong></span> <span class='ocrx_word' id='word_1_88' title='bbox 772 933 888 979; x_wconf 86' lang='lat' dir='ltr'><strong>fugit.</strong></span> <span class='ocrx_word' id='word_1_89' title='bbox 935 934 1092 971; x_wconf 91' lang='lat' dir='ltr'><strong>Habuit</strong></span> <span class='ocrx_word' id='word_1_90' title='bbox 1103 938 1240 970; x_wconf 82' lang='lat' dir='ltr'><strong>autem</strong></span> <span class='ocrx_word' id='word_1_91' title='bbox 1251 933 1416 971; x_wconf 88' lang='lat' dir='ltr'><strong>oricula-</strong></span> 
     </span>
    </p>
   </div>
   <div class='ocr_carea' id='block_1_3' title="bbox 112 989 1417 1102">
    <p class='ocr_par' dir='ltr' id='par_1_3' title="bbox 112 989 1417 1102">
     <span class='ocr_line' id='line_1_13' title="bbox 112 989 1416 1043; baseline 0 -9"><span class='ocrx_word' id='word_1_92' title='bbox 112 989 312 1034; x_wconf 80' lang='lat' dir='ltr'><strong>HL·1-ios⁸</strong></span> <span class='ocrx_word' id='word_1_93' title='bbox 331 1010 477 1043; x_wconf 91' lang='lat' dir='ltr'><strong>servos,</strong></span> <span class='ocrx_word' id='word_1_94' title='bbox 504 1000 572 1043; x_wconf 89' lang='lat' dir='ltr'><strong>qui</strong></span> <span class='ocrx_word' id='word_1_95' title='bbox 596 997 709 1034; x_wconf 91' lang='lat' dir='ltr'><strong>illum</strong></span> <span class='ocrx_word' id='word_1_96' title='bbox 733 1010 892 1043; x_wconf 89' lang='lat' dir='ltr'><strong>pessum</strong></span> <span class='ocrx_word' id='word_1_97' title='bbox 912 997 1123 1034; x_wconf 90' lang='lat' dir='ltr'><strong>dederunt.</strong></span> <span class='ocrx_word' id='word_1_98' title='bbox 1163 989 1168 1043; x_wconf 91' lang='grc' dir='ltr'>Ι</span> <span class='ocrx_word' id='word_1_99' title='bbox 1201 997 1416 1043; x_wconf 89' lang='lat' dir='ltr'><strong>Nunquam</strong></span> 
     </span>
     <span class='ocr_line' id='line_1_14' title="bbox 154 1046 1417 1102; baseline 0 -10"><span class='ocrx_word' id='word_1_100' title='bbox 154 1055 190 1093; x_wconf 94' lang='lat' dir='ltr'><em>L</em></span> <span class='ocrx_word' id='word_1_101' title='bbox 207 1061 345 1093; x_wconf 86' lang='lat' dir='ltr'><strong>autem</strong></span> <span class='ocrx_word' id='word_1_102' title='bbox 382 1061 493 1093; x_wconf 87' lang='lat' dir='ltr'><strong>recte</strong></span> <span class='ocrx_word' id='word_1_103' title='bbox 527 1055 661 1102; x_wconf 84' lang='lat' dir='ltr'><strong>faciet,</strong></span> <span class='ocrx_word' id='word_1_104' title='bbox 693 1059 761 1101; x_wconf 86' lang='lat' dir='ltr'><strong>qui</strong></span> <span class='ocrx_word' id='word_1_105' title='bbox 794 1058 874 1092; x_wconf 85' lang='lat' dir='ltr'><strong>cito</strong></span> <span class='ocrx_word' id='word_1_106' title='bbox 912 1055 1053 1101; x_wconf 88' lang='lat' dir='ltr'><strong>credit,</strong></span> <span class='ocrx_word' id='word_1_107' title='bbox 1087 1046 1092 1101; x_wconf 86' lang='grc' dir='ltr'>Ι</span> <span class='ocrx_word' id='word_1_108' title='bbox 1124 1058 1264 1101; x_wconf 92' lang='lat' dir='ltr'><strong>utique</strong></span> <span class='ocrx_word' id='word_1_109' title='bbox 1297 1054 1417 1093; x_wconf 90' lang='lat' dir='ltr'><strong>homo</strong></span> 
     </span>
    </p>
   </div>
   <div class='ocr_carea' id='block_1_4' title="bbox 130 1766 182 1800">
    <p class='ocr_par' dir='ltr' id='par_1_4' title="bbox 130 1766 182 1800">
     <span class='ocr_line' id='line_1_15' title="bbox 130 1766 182 1800; baseline 0.019 -1"><span class='ocrx_word' id='word_1_110' title='bbox 130 1766 182 1800; x_wconf 79' lang='lat'><strong>44</strong></span> 
     </span>
    </p>
   </div>
   <div class='ocr_carea' id='block_1_5' title="bbox 209 1113 1416 1924">
    <p class='ocr_par' dir='ltr' id='par_1_5' title="bbox 209 1113 1416 1741">
     <span class='ocr_line' id='line_1_16' title="bbox 209 1113 1415 1161; baseline -0.001 -9"><span class='ocrx_word' id='word_1_111' title='bbox 209 1117 431 1161; x_wconf 85' lang='lat' dir='ltr'><strong>negotians.</strong></span> <span class='ocrx_word' id='word_1_112' title='bbox 491 1114 643 1151; x_wconf 89' lang='lat' dir='ltr'><strong>Tamen</strong></span> <span class='ocrx_word' id='word_1_113' title='bbox 656 1127 793 1151; x_wconf 90' lang='lat' dir='ltr'><strong>verum</strong></span> <span class='ocrx_word' id='word_1_114' title='bbox 809 1114 916 1160; x_wconf 91' lang='lat' dir='ltr'><strong>quod</strong></span> <span class='ocrx_word' id='word_1_115' title='bbox 931 1113 1103 1151; x_wconf 89' lang='lat' dir='ltr'><strong>frunitus</strong></span> <span class='ocrx_word' id='word_1_116' title='bbox 1119 1119 1193 1160; x_wconf 88' lang='lat' dir='ltr'><strong>est,</strong></span> <span class='ocrx_word' id='word_1_117' title='bbox 1208 1127 1327 1160; x_wconf 83' lang='lat' dir='ltr'><strong>quam</strong></span> <span class='ocrx_word' id='word_1_118' title='bbox 1346 1114 1415 1152; x_wconf 90' lang='lat' dir='ltr'><strong>diu</strong></span> 
     </span>
     <span class='ocr_line' id='line_1_17' title="bbox 209 1165 1412 1220; baseline 0.001 -10"><span class='ocrx_word' id='word_1_119' title='bbox 209 1177 321 1220; x_wconf 82' lang='lat' dir='ltr'><strong>vixit,</strong></span> <span class='ocrx_word' id='word_1_120' title='bbox 343 1202 479 1211; x_wconf 93' lang='grc'><strong>.....</strong></span> <span class='ocrx_word' id='word_1_121' title='bbox 495 1165 511 1190; x_wconf 78' lang='lat'><strong>⁴</strong></span> <span class='ocrx_word' id='word_1_122' title='bbox 550 1175 613 1210; x_wconf 91' lang='lat' dir='ltr'><strong>cui</strong></span> <span class='ocrx_word' id='word_1_123' title='bbox 651 1172 790 1210; x_wconf 86' lang='lat' dir='ltr'><strong>datum</strong></span> <span class='ocrx_word' id='word_1_124' title='bbox 829 1177 903 1218; x_wconf 88' lang='lat' dir='ltr'><strong>est,</strong></span> <span class='ocrx_word' id='word_1_125' title='bbox 936 1185 1018 1209; x_wconf 91' lang='lat' dir='ltr'><strong>non</strong></span> <span class='ocrx_word' id='word_1_126' title='bbox 1055 1175 1119 1210; x_wconf 89' lang='lat' dir='ltr'><strong>cui</strong></span> <span class='ocrx_word' id='word_1_127' title='bbox 1156 1172 1412 1211; x_wconf 80' lang='lat' dir='ltr'><strong>destinatum.</strong></span> 
     </span>
     <span class='ocr_line' id='line_1_18' title="bbox 211 1231 1415 1278; baseline 0 -9"><span class='ocrx_word' id='word_1_128' title='bbox 211 1232 334 1270; x_wconf 90' lang='lat' dir='ltr'><strong>Plane</strong></span> <span class='ocrx_word' id='word_1_129' title='bbox 355 1232 554 1269; x_wconf 89' lang='lat' dir='ltr'><strong>Fortunae</strong></span> <span class='ocrx_word' id='word_1_130' title='bbox 574 1231 689 1277; x_wconf 89' lang='lat' dir='ltr'><strong>filius,</strong></span> <span class='ocrx_word' id='word_1_131' title='bbox 708 1233 751 1268; x_wconf 88' lang='lat' dir='ltr'><strong>in</strong></span> <span class='ocrx_word' id='word_1_132' title='bbox 773 1244 894 1268; x_wconf 90' lang='lat' dir='ltr'><strong>manu</strong></span> <span class='ocrx_word' id='word_1_133' title='bbox 917 1231 1022 1268; x_wconf 89' lang='lat' dir='ltr'><strong>illius</strong></span> <span class='ocrx_word' id='word_1_134' title='bbox 1045 1231 1254 1278; x_wconf 89' lang='lat' dir='ltr'><strong>plumbum</strong></span> <span class='ocrx_word' id='word_1_135' title='bbox 1275 1244 1415 1269; x_wconf 91' lang='lat' dir='ltr'><strong>aurum</strong></span> 
     </span>
     <span class='ocr_line' id='line_1_19' title="bbox 209 1290 1412 1337; baseline -0.002 -8"><span class='ocrx_word' id='word_1_136' title='bbox 209 1292 341 1329; x_wconf 85' lang='lat' dir='ltr'><strong>fiebat.</strong></span> <span class='ocrx_word' id='word_1_137' title='bbox 401 1291 533 1328; x_wconf 90' lang='lat' dir='ltr'><strong>Facile</strong></span> <span class='ocrx_word' id='word_1_138' title='bbox 553 1295 616 1328; x_wconf 88' lang='lat' dir='ltr'><strong>est</strong></span> <span class='ocrx_word' id='word_1_139' title='bbox 633 1295 783 1337; x_wconf 87' lang='lat' dir='ltr'><strong>autern,</strong></span> <span class='ocrx_word' id='word_1_140' title='bbox 802 1291 870 1328; x_wconf 89' lang='lat' dir='ltr'><strong>ubi</strong></span> <span class='ocrx_word' id='word_1_141' title='bbox 886 1293 1018 1327; x_wconf 89' lang='lat' dir='ltr'><strong>omnia</strong></span> <span class='ocrx_word' id='word_1_142' title='bbox 1031 1290 1224 1336; x_wconf 87' lang='lat' dir='ltr'><strong>quadrata</strong></span> <span class='ocrx_word' id='word_1_143' title='bbox 1238 1295 1412 1328; x_wconf 87' lang='lat' dir='ltr'><strong>currunt.</strong></span> 
     </span>
     <span class='ocr_line' id='line_1_20' title="bbox 211 1349 1416 1397; baseline -0.003 -8"><span class='ocrx_word' id='word_1_144' title='bbox 211 1350 265 1388; x_wconf 91' lang='lat' dir='ltr'><strong>Et</strong></span> <span class='ocrx_word' id='word_1_145' title='bbox 284 1355 383 1397; x_wconf 92' lang='lat' dir='ltr'><strong>quot</strong></span> <span class='ocrx_word' id='word_1_146' title='bbox 401 1354 518 1397; x_wconf 84' lang='lat' dir='ltr'><strong>putas</strong></span> <span class='ocrx_word' id='word_1_147' title='bbox 537 1349 650 1386; x_wconf 89' lang='lat' dir='ltr'><strong>illum</strong></span> <span class='ocrx_word' id='word_1_148' title='bbox 669 1362 793 1386; x_wconf 87' lang='lat' dir='ltr'><strong>annos</strong></span> <span class='ocrx_word' id='word_1_149' title='bbox 813 1362 949 1386; x_wconf 92' lang='lat' dir='ltr'><strong>secum</strong></span> <span class='ocrx_word' id='word_1_150' title='bbox 967 1349 1131 1386; x_wconf 90' lang='lat' dir='ltr'><strong>tulisse?</strong></span> <span class='ocrx_word' id='word_1_151' title='bbox 1151 1349 1416 1395; x_wconf 86' lang='lat' dir='ltr'><strong>Septuaginta</strong></span> 
     </span>
     <span class='ocr_line' id='line_1_21' title="bbox 210 1407 1414 1455; baseline -0.002 -8"><span class='ocrx_word' id='word_1_152' title='bbox 210 1414 254 1447; x_wconf 87' lang='lat' dir='ltr'><strong>et</strong></span> <span class='ocrx_word' id='word_1_153' title='bbox 279 1422 407 1455; x_wconf 85' lang='lat' dir='ltr'><strong>supra.</strong></span> <span class='ocrx_word' id='word_1_154' title='bbox 466 1408 547 1447; x_wconf 89' lang='lat' dir='ltr'><strong>Sed</strong></span> <span class='ocrx_word' id='word_1_155' title='bbox 573 1408 780 1446; x_wconf 90' lang='lat' dir='ltr'><strong>corneolus</strong></span> <span class='ocrx_word' id='word_1_156' title='bbox 806 1408 895 1454; x_wconf 84' lang='lat' dir='ltr'><strong>fuit,</strong></span> <span class='ocrx_word' id='word_1_157' title='bbox 915 1412 1092 1445; x_wconf 89' lang='lat' dir='ltr'><strong>aetatem</strong></span> <span class='ocrx_word' id='word_1_158' title='bbox 1117 1408 1222 1445; x_wconf 88' lang='lat' dir='ltr'><strong>bene</strong></span> <span class='ocrx_word' id='word_1_159' title='bbox 1245 1407 1414 1453; x_wconf 85' lang='lat' dir='ltr'><strong>ferebat,</strong></span> 
     </span>
     <span class='ocr_line' id='line_1_22' title="bbox 210 1465 1414 1514; baseline -0.002 -9"><span class='ocrx_word' id='word_1_160' title='bbox 210 1471 325 1514; x_wconf 89' lang='lat' dir='ltr'><strong>niger</strong></span> <span class='ocrx_word' id='word_1_161' title='bbox 343 1473 535 1513; x_wconf 89' lang='lat' dir='ltr'><strong>tanquam</strong></span> <span class='ocrx_word' id='word_1_162' title='bbox 554 1479 702 1504; x_wconf 88' lang='lat' dir='ltr'><strong>corvus.</strong></span> <span class='ocrx_word' id='word_1_163' title='bbox 763 1466 962 1503; x_wconf 87' lang='lat' dir='ltr'><strong>Noveram</strong></span> <span class='ocrx_word' id='word_1_164' title='bbox 981 1466 1185 1503; x_wconf 89' lang='lat' dir='ltr'><strong>hominem</strong></span> <span class='ocrx_word' id='word_1_165' title='bbox 1204 1465 1299 1502; x_wconf 92' lang='lat' dir='ltr'><strong>olim</strong></span> <span class='ocrx_word' id='word_1_166' title='bbox 1318 1465 1414 1503; x_wconf 92' lang='lat' dir='ltr'><strong>olio-</strong></span> 
     </span>
     <span class='ocr_line' id='line_1_23' title="bbox 210 1524 1415 1570; baseline -0.002 -6"><span class='ocrx_word' id='word_1_167' title='bbox 210 1540 298 1564; x_wconf 91' lang='lat' dir='ltr'><strong>rum</strong></span> <span class='ocrx_word' id='word_1_168' title='bbox 318 1531 362 1564; x_wconf 92' lang='lat' dir='ltr'><strong>et</strong></span> <span class='ocrx_word' id='word_1_169' title='bbox 379 1526 510 1564; x_wconf 91' lang='lat' dir='ltr'><strong>adhuc</strong></span> <span class='ocrx_word' id='word_1_170' title='bbox 530 1525 637 1563; x_wconf 85' lang='lat' dir='ltr'><strong>salax</strong></span> <span class='ocrx_word' id='word_1_171' title='bbox 657 1530 753 1562; x_wconf 85' lang='lat' dir='ltr'><strong>erat.</strong></span> <span class='ocrx_word' id='word_1_172' title='bbox 813 1525 905 1562; x_wconf 92' lang='lat' dir='ltr'><strong>Non</strong></span> <span class='ocrx_word' id='word_1_173' title='bbox 924 1525 1174 1562; x_wconf 87' lang='lat' dir='ltr'><strong>mehercules</strong></span> <span class='ocrx_word' id='word_1_174' title='bbox 1188 1524 1302 1561; x_wconf 93' lang='lat' dir='ltr'><strong>illum</strong></span> <span class='ocrx_word' id='word_1_175' title='bbox 1316 1529 1415 1570; x_wconf 91' lang='lat' dir='ltr'><strong>puto</strong></span> 
     </span>
     <span class='ocr_line' id='line_1_24' title="bbox 211 1575 1414 1630; baseline -0.003 -7"><span class='ocrx_word' id='word_1_176' title='bbox 211 1589 254 1623; x_wconf 93' lang='lat' dir='ltr'><strong>in</strong></span> <span class='ocrx_word' id='word_1_177' title='bbox 268 1585 387 1623; x_wconf 91' lang='lat' dir='ltr'><strong>domo</strong></span> <span class='ocrx_word' id='word_1_178' title='bbox 402 1598 542 1622; x_wconf 90' lang='lat' dir='ltr'><strong>canem</strong></span> <span class='ocrx_word' id='word_1_179' title='bbox 557 1584 773 1630; x_wconf 90' lang='lat' dir='ltr'><strong>reliquisse.</strong></span> <span class='ocrx_word' id='word_1_180' title='bbox 799 1584 927 1621; x_wconf 89' lang='lat' dir='ltr'><strong>Immo</strong></span> <span class='ocrx_word' id='word_1_181' title='bbox 943 1586 1064 1621; x_wconf 87' lang='lat' dir='ltr'><strong>etiam</strong></span> <span class='ocrx_word' id='word_1_182' title='bbox 1083 1575 1296 1630; x_wconf 85' lang='lat' dir='ltr'><strong>pullarius⁵</strong></span> <span class='ocrx_word' id='word_1_183' title='bbox 1315 1588 1414 1628; x_wconf 88' lang='lat' dir='ltr'><strong>erat,</strong></span> 
     </span>
     <span class='ocr_line' id='line_1_25' title="bbox 209 1641 1414 1689; baseline -0.003 -8"><span class='ocrx_word' id='word_1_184' title='bbox 209 1647 337 1682; x_wconf 91' lang='lat' dir='ltr'><strong>omnis</strong></span> <span class='ocrx_word' id='word_1_185' title='bbox 356 1646 558 1681; x_wconf 89' lang='lat' dir='ltr'><strong>minervae</strong></span> <span class='ocrx_word' id='word_1_186' title='bbox 577 1643 706 1680; x_wconf 90' lang='lat' dir='ltr'><strong>homo.</strong></span> <span class='ocrx_word' id='word_1_187' title='bbox 766 1643 852 1680; x_wconf 91' lang='lat' dir='ltr'><strong>Nec</strong></span> <span class='ocrx_word' id='word_1_188' title='bbox 868 1643 1060 1689; x_wconf 87' lang='lat' dir='ltr'><strong>improbo,</strong></span> <span class='ocrx_word' id='word_1_189' title='bbox 1075 1641 1151 1679; x_wconf 93' lang='lat' dir='ltr'><strong>hoc</strong></span> <span class='ocrx_word' id='word_1_190' title='bbox 1165 1641 1292 1679; x_wconf 90' lang='lat' dir='ltr'><strong>solum</strong></span> <span class='ocrx_word' id='word_1_191' title='bbox 1307 1644 1414 1678; x_wconf 89' lang='lat' dir='ltr'><strong>enim</strong></span> 
     </span>
     <span class='ocr_line' id='line_1_26' title="bbox 209 1702 497 1741; baseline -0.007 0"><span class='ocrx_word' id='word_1_192' title='bbox 209 1716 344 1741; x_wconf 90' lang='lat' dir='ltr'><strong>secum</strong></span> <span class='ocrx_word' id='word_1_193' title='bbox 363 1702 497 1740; x_wconf 87' lang='lat' dir='ltr'><strong>tulit.’&#39;</strong></span> 
     </span>
    </p>

    <p class='ocr_par' dir='ltr' id='par_1_6' title="bbox 209 1748 1414 1924">
     <span class='ocr_line' id='line_1_27' title="bbox 274 1748 1414 1806; baseline -0.004 -8"><span class='ocrx_word' id='word_1_194' title='bbox 274 1762 390 1799; x_wconf 90' lang='lat' dir='ltr'><strong>Haec</strong></span> <span class='ocrx_word' id='word_1_195' title='bbox 430 1760 609 1798; x_wconf 90' lang='lat' dir='ltr'><strong>Phileros</strong></span> <span class='ocrx_word' id='word_1_196' title='bbox 647 1760 762 1806; x_wconf 87' lang='lat' dir='ltr'><strong>dixit,</strong></span> <span class='ocrx_word' id='word_1_197' title='bbox 796 1760 864 1797; x_wconf 89' lang='lat' dir='ltr'><strong>illa</strong></span> <span class='ocrx_word' id='word_1_198' title='bbox 903 1758 1178 1806; x_wconf 90' lang='lat' dir='ltr'><strong>Ganymedes:</strong></span> <span class='ocrx_word' id='word_1_199' title='bbox 1213 1748 1414 1795; x_wconf 83' lang='lat' dir='ltr'><strong>“narratis</strong></span> 
     </span>
     <span class='ocr_line' id='line_1_28' title="bbox 210 1818 1413 1867; baseline -0.005 -9"><span class='ocrx_word' id='word_1_200' title='bbox 210 1819 318 1867; x_wconf 89' lang='lat' dir='ltr'><strong>quod</strong></span> <span class='ocrx_word' id='word_1_201' title='bbox 350 1833 426 1857; x_wconf 89' lang='lat' dir='ltr'><strong>nec</strong></span> <span class='ocrx_word' id='word_1_202' title='bbox 459 1819 511 1856; x_wconf 93' lang='lat' dir='ltr'><strong>ad</strong></span> <span class='ocrx_word' id='word_1_203' title='bbox 541 1819 695 1856; x_wconf 88' lang='lat' dir='ltr'><strong>caelum</strong></span> <span class='ocrx_word' id='word_1_204' title='bbox 729 1831 805 1855; x_wconf 90' lang='lat' dir='ltr'><strong>nec</strong></span> <span class='ocrx_word' id='word_1_205' title='bbox 839 1818 890 1855; x_wconf 92' lang='lat' dir='ltr'><strong>ad</strong></span> <span class='ocrx_word' id='word_1_206' title='bbox 923 1823 1070 1855; x_wconf 87' lang='lat' dir='ltr'><strong>terram</strong></span> <span class='ocrx_word' id='word_1_207' title='bbox 1101 1819 1292 1864; x_wconf 89' lang='lat' dir='ltr'><strong>pertinet,</strong></span> <span class='ocrx_word' id='word_1_208' title='bbox 1324 1829 1413 1852; x_wconf 90' lang='lat' dir='ltr'><strong>cum</strong></span> 
     </span>
     <span class='ocr_line' id='line_1_29' title="bbox 209 1875 1412 1924; baseline -0.005 -8"><span class='ocrx_word' id='word_1_209' title='bbox 209 1881 372 1917; x_wconf 91' lang='lat' dir='ltr'><strong>interim</strong></span> <span class='ocrx_word' id='word_1_210' title='bbox 393 1891 512 1915; x_wconf 89' lang='lat' dir='ltr'><strong>nemo</strong></span> <span class='ocrx_word' id='word_1_211' title='bbox 533 1883 657 1923; x_wconf 90' lang='lat' dir='ltr'><strong>curat,</strong></span> <span class='ocrx_word' id='word_1_212' title='bbox 678 1877 775 1924; x_wconf 91' lang='lat' dir='ltr'><strong>quid</strong></span> <span class='ocrx_word' id='word_1_213' title='bbox 800 1890 960 1914; x_wconf 89' lang='lat' dir='ltr'><strong>annona</strong></span> <span class='ocrx_word' id='word_1_214' title='bbox 979 1876 1148 1914; x_wconf 86' lang='lat' dir='ltr'><strong>mordet.</strong></span> <span class='ocrx_word' id='word_1_215' title='bbox 1207 1875 1300 1912; x_wconf 92' lang='lat' dir='ltr'><strong>Non</strong></span> <span class='ocrx_word' id='word_1_216' title='bbox 1330 1886 1412 1911; x_wconf 91' lang='lat' dir='ltr'><strong>me-</strong></span> 
     </span>
    </p>
   </div>
   <div class='ocr_carea' id='block_1_6' title="bbox 253 1941 1409 2156">
    <p class='ocr_par' dir='ltr' id='par_1_7' title="bbox 255 1941 984 1984">
     <span class='ocr_line' id='line_1_30' title="bbox 255 1941 984 1984; baseline -0.003 -11"><span class='ocrx_word' id='word_1_217' title='bbox 255 1942 382 1984; x_wconf 82' lang='lat' dir='ltr'><strong>¹plena</strong></span> <span class='ocrx_word' id='word_1_218' title='bbox 398 1945 507 1973; x_wconf 89' lang='lat' dir='ltr'><strong>uncta</strong></span> <span class='ocrx_word' id='word_1_219' title='bbox 524 1941 722 1974; x_wconf 81' lang='lat' dir='ltr'><strong>Heinsius:</strong></span> <span class='ocrx_word' id='word_1_220' title='bbox 744 1945 851 1972; x_wconf 86' lang='lat' dir='ltr'><strong>uncta</strong></span> <span class='ocrx_word' id='word_1_221' title='bbox 867 1942 984 1982; x_wconf 85' lang='lat' dir='ltr'><strong>plena.</strong></span> 
     </span>
    </p>

    <p class='ocr_par' dir='ltr' id='par_1_8' title="bbox 253 1984 798 2027">
     <span class='ocr_line' id='line_1_31' title="bbox 253 1984 798 2027; baseline -0.002 -11"><span class='ocrx_word' id='word_1_222' title='bbox 253 1984 401 2027; x_wconf 77' lang='lat' dir='ltr'><strong>²quantl</strong></span> <span class='ocrx_word' id='word_1_223' title='bbox 418 1984 594 2027; x_wconf 81' lang='lat' dir='ltr'><strong>Scheffer:</strong></span> <span class='ocrx_word' id='word_1_224' title='bbox 616 1988 798 2025; x_wconf 87' lang='lat' dir='ltr'><strong>quantum.</strong></span> 
     </span>
    </p>

    <p class='ocr_par' dir='ltr' id='par_1_9' title="bbox 254 2026 972 2060">
     <span class='ocr_line' id='line_1_32' title="bbox 254 2026 972 2060; baseline -0.004 0"><span class='ocrx_word' id='word_1_225' title='bbox 254 2027 486 2060; x_wconf 81' lang='lat' dir='ltr'><strong>³orieularios</strong></span> <span class='ocrx_word' id='word_1_226' title='bbox 506 2028 718 2059; x_wconf 75' lang='lat' dir='ltr'><strong>Reinesius:</strong></span> <span class='ocrx_word' id='word_1_227' title='bbox 740 2026 972 2058; x_wconf 81' lang='lat' dir='ltr'><strong>oracularios.</strong></span> 
     </span>
    </p>

    <p class='ocr_par' dir='ltr' id='par_1_10' title="bbox 254 2068 1409 2156">
     <span class='ocr_line' id='line_1_33' title="bbox 254 2068 1409 2109; baseline -0.003 -6"><span class='ocrx_word' id='word_1_228' title='bbox 254 2070 268 2091; x_wconf 82' lang='lat'><strong>⁴</strong></span> <span class='ocrx_word' id='word_1_229' title='bbox 280 2071 379 2103; x_wconf 88' lang='lat' dir='ltr'><strong>Some</strong></span> <span class='ocrx_word' id='word_1_230' title='bbox 394 2072 505 2103; x_wconf 79' lang='lat' dir='ltr'><strong>words</strong></span> <span class='ocrx_word' id='word_1_231' title='bbox 519 2070 604 2102; x_wconf 80' lang='lat' dir='ltr'><strong>such</strong></span> <span class='ocrx_word' id='word_1_232' title='bbox 622 2081 663 2101; x_wconf 84' lang='lat' dir='ltr'><strong>as</strong></span> <span class='ocrx_word' id='word_1_233' title='bbox 678 2070 767 2101; x_wconf 90' lang='lat' dir='ltr'><strong>bene</strong></span> <span class='ocrx_word' id='word_1_234' title='bbox 781 2070 868 2101; x_wconf 84' lang='lat' dir='ltr'><strong>vixit</strong></span> <span class='ocrx_word' id='word_1_235' title='bbox 893 2070 986 2101; x_wconf 82' lang='lat' dir='ltr'><strong>have</strong></span> <span class='ocrx_word' id='word_1_236' title='bbox 1008 2069 1139 2109; x_wconf 80' lang='lat' dir='ltr'><strong>clearly</strong></span> <span class='ocrx_word' id='word_1_237' title='bbox 1163 2068 1321 2109; x_wconf 74' lang='lat' dir='ltr'><strong>dropped</strong></span> <span class='ocrx_word' id='word_1_238' title='bbox 1339 2069 1409 2100; x_wconf 78' lang='lat' dir='ltr'><strong>out.</strong></span> 
     </span>
     <span class='ocr_line' id='line_1_34' title="bbox 254 2113 898 2156; baseline -0.003 -10"><span class='ocrx_word' id='word_1_239' title='bbox 254 2113 268 2134; x_wconf 78' lang='lat'><strong>⁶</strong></span> <span class='ocrx_word' id='word_1_240' title='bbox 278 2114 450 2156; x_wconf 84' lang='lat' dir='ltr'><strong>pullarius</strong></span> <span class='ocrx_word' id='word_1_241' title='bbox 466 2115 659 2146; x_wconf 82' lang='lat' dir='ltr'><strong>Burmann</strong></span> <span class='ocrx_word' id='word_1_242' title='bbox 670 2124 683 2145; x_wconf 94' lang='lat'><strong>.·</strong></span> <span class='ocrx_word' id='word_1_243' title='bbox 705 2113 898 2155; x_wconf 84' lang='lat' dir='ltr'><strong>peullarius</strong></span> 
     </span>
    </p>
   </div>
   <div class='ocr_carea' id='block_1_7' title="bbox 320 2171 371 2206">
    <p class='ocr_par' dir='ltr' id='par_1_11' title="bbox 320 2171 371 2206">
     <span class='ocr_line' id='line_1_35' title="bbox 320 2171 371 2206; baseline -0.02 0"><span class='ocrx_word' id='word_1_244' title='bbox 320 2171 371 2206; x_wconf 93' lang='lat'><strong>70</strong></span> 
     </span>
    </p>
   </div>
  </div>
 </body>
</html>
