1534 2470
461 188 623 227 TITUS
654 189 966 229 PETRONIUS
995 190 1235 228 ARBITER

242 269 363 307 verba
399 270 691 316 permittebant
728 272 970 317 meminisse,
1003 282 1080 309 nec
1116 270 1308 317 hilaritas,
1341 283 1443 318 quae

241 333 503 375 occupaverat
516 333 688 376 mentes,
703 328 824 366 dabat
838 329 1066 367 iracundiae
1080 329 1222 367 locum.
1255 330 1444 367 Ceterum

240 387 480 434 Tryphaena
507 389 550 424 in
578 389 732 434 gremio
762 387 920 425 Gitonis
949 390 1078 435 posita
1102 388 1222 426 modo
1247 387 1443 435 implebat

240 446 383 484 osculis
403 451 558 492 pectus,
578 446 782 483 interdum
801 447 1066 484 concinnabat
1088 446 1301 493 spoliatum
1324 449 1441 484 crini-

188 505 221 543 L
240 506 313 543 bus
332 505 498 542 vultum.
535 496 539 550 Ι
573 505 660 551 Ego
678 509 854 542 maestus
874 510 917 543 et
935 508 1148 552 impatiens
1162 505 1335 557 foederis
1348 507 1441 543 novi

241 578 322 602 non
341 564 488 610 cibum,
501 577 583 600 non
597 565 803 610 potionem
817 564 1034 611 capiebam,
1049 563 1121 602 sed
1135 563 1304 610 obliquis
1318 566 1439 601 truci-

241 624 393 669 busque
409 622 532 660 oculis
546 627 760 668 utrumque
775 623 1015 668 spectabam.
1066 622 1213 661 Omnia
1225 635 1291 660 me
1306 621 1437 661 oscula

241 682 518 727 vulnerabant,
556 693 694 718 omnes
732 680 965 727 blanditiae,
1003 693 1259 727 quascunque
1295 680 1439 718 mulier

240 740 451 778 libidinosa
465 739 653 785 fingebat.
713 739 799 776 Nec
814 744 951 777 tamen
965 739 1096 776 adhuc
1107 740 1294 785 sciebam,
1305 743 1438 776 utrum

240 802 366 845 magis
385 811 509 845 puero
528 801 730 844 irascerer,
749 798 856 844 quod
875 801 1042 835 amicam
1059 797 1159 834 mihi
1181 796 1370 843 auferret,
1388 809 1440 834 an

240 860 404 904 amicae,
434 857 540 903 quod
573 870 742 903 puerum
775 860 1066 903 corrumperet:
1106 861 1275 902 utraque
1308 857 1439 892 inimi-

241 919 396 954 cissima
415 916 538 953 oculis
557 918 656 953 meis
682 920 725 952 et
751 917 983 961 captivitate
1009 916 1226 961 praeterita
1251 916 1434 951 tristiora.

242 975 474 1013 Accedebat
498 974 591 1020 huc,
617 973 724 1020 quod
749 986 881 1019 neque
906 973 1145 1019 Tryphaena
1169 985 1234 1009 me
1262 971 1438 1018 alloque-

241 1035 358 1072 batur
385 1038 576 1079 tanquam
605 1032 839 1069 familiarem
868 1036 910 1068 et
937 1030 1150 1076 aliquando
1176 1035 1336 1076 gratum
1364 1030 1438 1067 sibi

241 1097 473 1138 amatorem,
498 1104 574 1128 nec
603 1091 726 1128 Giton
751 1103 817 1127 me
842 1094 913 1127 aut
937 1089 1133 1126 tralaticia
1160 1091 1437 1135 propinatione

241 1152 409 1198 dignum
437 1150 650 1195 iudicabat,
679 1154 749 1186 aut
777 1148 883 1194 quod
910 1151 1120 1185 minimum
1152 1152 1227 1193 est,
1255 1159 1436 1184 sermone

241 1211 442 1248 communi
453 1209 632 1253 vocabat,
644 1207 776 1253 credo,
788 1209 937 1244 veritus
949 1219 1000 1243 ne
1013 1209 1119 1243 inter
1130 1208 1244 1242 initia
1258 1207 1437 1243 coeuntis
1501 1235 1504 1238 .
1530 1217 1534 1225 ’

241 1271 393 1316 gratiae
412 1272 618 1305 recentem
634 1269 858 1303 cicatricem
872 1265 1128 1302 rescinderet.
1187 1263 1438 1302 Inundavere

240 1332 381 1375 pectus
409 1326 594 1363 lacrimae
624 1324 759 1362 dolore
788 1329 963 1371 paratae,
991 1326 1244 1369 gemitusque
1273 1324 1439 1369 suspirio

241 1391 373 1425 tectus
392 1388 564 1422 animam
583 1396 711 1431 paene
731 1384 930 1421 submovit
950 1411 957 1419 .
981 1411 989 1418 .
1014 1411 1021 1418 .

296 1445 343 1482 In
364 1449 520 1491 partem
532 1443 746 1488 voluptatis
765 1441 992 1487 temptabat
1010 1439 1183 1485 admitti,
1199 1451 1274 1476 nec
1288 1438 1440 1476 domini

241 1503 496 1550 supercilium
541 1501 748 1547 induebat,
786 1499 858 1538 sed
901 1501 1017 1536 amici
1062 1498 1279 1544 quaerebat
1326 1497 1440 1535 obse-

240 1565 377 1610 quium
397 1590 405 1598 .
428 1590 437 1598 .
460 1589 469 1599 .

296 1611 372 1658 “Si
391 1619 488 1667 quid
510 1620 676 1664 ingenui
700 1619 902 1663 sanguinis
925 1615 1062 1661 habes,
1082 1627 1163 1651 non
1186 1613 1308 1660 pluris
1331 1613 1438 1650 illam

240 1680 374 1725 facies,
394 1691 513 1725 quam
533 1682 717 1715 scortum.
777 1675 819 1713 Si
838 1678 897 1712 vir
916 1674 1049 1719 fueris,
1070 1686 1151 1710 non
1171 1673 1244 1709 ibis
1263 1671 1314 1709 ad
1333 1674 1438 1718 spin-

239 1730 406 1776 triam”¹
427 1766 434 1774 .
458 1765 467 1774 .
490 1765 497 1773 .

296 1797 364 1834 Me
384 1795 485 1832 nihil
504 1797 630 1839 magis
650 1783 887 1840 pungebat,²
907 1804 1025 1837 quam
1039 1802 1091 1826 ne
1113 1788 1330 1835 Eumolpus
1350 1800 1439 1825 sen-

239 1859 368 1901 sisset,
402 1852 592 1900 quicquid
629 1851 729 1888 illud
767 1850 911 1895 fuerat,
945 1853 988 1886 et
1021 1848 1140 1885 homo
1173 1846 1440 1884 dicacissimus

240 1913 478 1951 carminibus
498 1911 719 1948 vindicaret
740 1938 747 1945 .
771 1938 778 1945 .
803 1938 810 1945 .

295 1969 405 2006 Iurat
425 1966 642 2012 Eumolpus
662 1965 791 2002 verbis
811 1963 1123 2008 conceptissimis
1143 1989 1150 1997 .
1174 1988 1182 1997 .
1205 1989 1214 1998 .

284 2043 296 2064 ¹
309 2043 497 2087 spintriam
511 2042 653 2083 margin
670 2041 722 2073 ed.
741 2041 786 2082 of
795 2038 1008 2070 Tornaesius
1018 2049 1031 2069 .·
1047 2037 1207 2074 spuicam
1221 2047 1259 2068 or
1270 2035 1436 2078 spuitam.

282 2095 296 2115 ⁹
307 2096 494 2138 pungebat
511 2093 724 2125 Buecheler:
739 2089 908 2133 pudebat.

349 2145 428 2184 236
