1534 2470
115 478 191 512 122

434 203 599 243 TITUS
629 203 941 243 PETRONIUS
969 204 1211 243 ARBITER

217 283 341 322 classe
361 296 460 331 opus
480 289 552 322 est.
611 283 753 330 Tuque
772 286 930 330 ingenti
949 287 1092 323 satiare
1111 287 1239 332 ruina,

216 346 365 395 pallida
384 347 614 394 Tisiphone,
635 349 870 394 concisaque
889 347 1054 386 vulnera
1071 347 1238 386 mande:
1343 351 1420 385 120

215 410 269 448 ad
288 410 448 457 Stygios
467 423 606 448 manes
623 410 820 448 laceratus
838 410 999 448 ducitur
1016 410 1146 449 orbis.'

276 474 451 512 Vixdum
471 473 641 521 finierat,
661 487 752 511 cum
771 473 930 520 fulgure
949 479 1067 521 rupta
1086 487 1248 512 corusco

217 540 427 575 intremuit
445 538 573 575 nubes
593 537 789 584 elisosque
807 537 978 575 abscidit
995 539 1119 584 ignes.

219 601 409 640 Subsedit
423 606 538 648 pater
557 601 800 647 umbrarum,
819 603 1053 647 gremioque
1071 600 1239 639 reducto

217 665 373 703 telluris
392 667 572 712 pavitans
593 664 789 702 fraternos
808 664 951 711 palluit
969 667 1081 702 ictus.

220 728 420 766 Continuo
439 727 573 765 clades
592 727 800 765 hominum
819 732 1066 774 venturaque
1086 727 1231 765 damna

218 794 402 838 auspiciis
421 796 589 838 patuere
609 790 740 828 deum.
801 791 984 837 Namque
1004 804 1072 828 ore
1092 796 1259 828 cruento

219 855 409 892 deformis
428 846 571 892 Titan1
588 854 745 892 vultum
764 854 934 900 caligine
953 856 1080 891 texit:

219 918 355 956 civiles
373 920 478 956 acies
498 920 577 955 iam
595 922 684 955 tum
703 909 910 964 spectare²
929 922 1101 964 putares.

221 981 339 1019 Parte
357 980 434 1018 alia
454 981 594 1028 plenos
614 983 806 1018 exstinxit
826 980 998 1026 Cynthia
1017 980 1150 1018 vultus
1346 983 1422 1017 130

219 1050 264 1083 et
282 1045 413 1082 lucem
433 1044 574 1082 sceleri
593 1043 792 1081 subduxit.
855 1044 986 1090 Rupta
1004 1044 1199 1081 tonabant

219 1108 434 1146 verticibus
452 1107 572 1154 lapsis
590 1109 738 1144 montis
758 1109 862 1152 iuga,
882 1119 958 1143 nec
977 1119 1078 1152 vaga
1096 1109 1240 1154 passim

218 1171 382 1209 flumina
400 1183 472 1218 per
490 1175 606 1208 notas
625 1170 738 1207 ibant
757 1172 967 1206 morientia
985 1172 1101 1216 ripas.

219 1235 433 1272 Armorum
453 1236 624 1280 strepitu
644 1233 799 1270 caelum
819 1232 916 1270 furit
936 1237 979 1270 et
998 1233 1096 1270 tub'a
1115 1233 1289 1270 Martem

219 1298 414 1336 sideribus
433 1296 671 1335 tremefacta
689 1299 782 1342 ciet,
803 1299 960 1342 iamque
980 1296 1114 1333 Aetna
1133 1301 1293 1333 voratur

219 1362 378 1408 ignibus
398 1361 567 1399 insolitis
587 1366 630 1398 et
649 1363 691 1398 in
711 1360 876 1397 aethera
895 1359 1062 1397 fulmina
1079 1362 1217 1397 mittit.

221 1425 326 1463 Ecce
346 1427 453 1462 inter
471 1423 646 1461 tumulos
666 1428 788 1469 atque
808 1436 894 1460 ossa
914 1426 1090 1460 carentia
1109 1423 1234 1459 bustis

220 1488 449 1526 umbrarum
469 1487 590 1524 facies
610 1486 696 1523 diro
716 1486 885 1523 stridore
904 1489 1118 1523 minantur.

222 1551 303 1589 Fax
322 1551 450 1588 stellis
471 1553 660 1587 comitata
678 1551 790 1587 novis
810 1549 995 1586 incendia
1013 1549 1137 1595 ducit,

220 1617 518 1660 sanguineoque
538 1625 678 1651 recens
698 1612 908 1650 descendit
928 1611 1110 1658 Iuppiter
1127 1611 1264 1648 imbre.
1345 1615 1421 1648 140

223 1679 338 1715 Haec
357 1682 518 1714 ostenta
537 1677 647 1714 brevi
668 1675 785 1713 solvit
805 1675 914 1712 deus.
973 1675 1095 1712 Exuit
1114 1687 1252 1712 omnes

220 1744 368 1788 quippe
387 1753 516 1777 moras
537 1740 690 1784 Caesar,
710 1738 989 1784 vindictaeque
1008 1743 1120 1775 actus
1139 1750 1272 1774 amore

223 1804 375 1842 Gallica
393 1805 573 1850 proiecit,
595 1802 724 1840 civilia
739 1801 900 1839 sustulit
918 1814 1036 1838 arma.

275 1867 445 1914 Alpibus
464 1869 592 1912 aeriis,
612 1866 681 1902 ubi
702 1865 821 1902 Graio
839 1856 1028 1901 numine¹³
1048 1863 1185 1910 pulsae

221 1930 474 1968 descendunt
492 1941 610 1976 rupes
629 1933 672 1966 et
691 1940 733 1966 se
752 1930 960 1974 patiuntur
977 1926 1090 1973 adiri,

349 2019 363 2039 ¹
373 2019 482 2050 Titan
497 2017 712 2050 Delbenius:
734 2015 903 2047 titubans.

347 2061 537 2103 'spectare
555 2061 725 2093 Cmsius:
746 2059 884 2100 spirare
900 2058 1050 2100 (spitare
1065 2055 1278 2098 Ber-nensis).

349 2103 513 2137 ⁸numine
529 2103 676 2136 Reiske:
697 2103 848 2134 nomine.

330 2155 409 2195 262
