1534 2470
505 199 667 239 TITUS
698 200 1010 239 PETRONIUS
1038 199 1278 238 ARBITER

283 278 444 317 horrida
463 282 611 318 securis
631 279 844 326 frangebat
862 281 1062 326 gressibus
1081 293 1186 327 arva,

283 342 410 389 qualis
430 343 628 380 Caucasea
647 342 863 380 decurrens
881 343 1027 380 arduus
1046 355 1137 381 arce

285 405 681 453 Amphitryoniades,
701 411 771 444 aut
791 411 904 443 torvo
925 406 1107 453 Iuppiter
1125 419 1208 454 ore,

284 482 374 507 cum
394 482 436 507 se
457 470 671 507 verticibus
691 472 826 515 magni
845 469 1007 507 demisit
1028 468 1192 517 Olympi

284 537 328 571 et
346 536 614 580 periturorum
634 526 813 571 disiecitl
829 533 912 571 tela
932 533 1162 579 Gigantum.

339 597 448 635 Dum
469 597 611 634 Caesar
629 597 804 634 tumidas
823 599 946 634 iratus
965 596 1156 643 deprimit
1174 610 1297 644 arces,

283 663 439 698 interea
458 660 618 698 volucer
636 663 755 697 motis
777 663 993 698 conterrita
1011 663 1144 707 pinnis
1405 664 1485 698 210

285 724 406 761 Fama
424 723 533 761 volat
553 726 776 769 summique
796 726 902 770 petit
921 725 1014 769 iuga
1033 723 1138 760 celsa
1158 723 1285 760 Palati

283 792 405 834 atque
424 787 501 824 hoc
524 787 701 824 Romano
720 789 873 824 tonitru
893 786 988 823 ferit
1007 789 1140 823 omnia
1158 789 1290 832 signa:

284 853 362 887 iam
382 850 526 887 classes
541 849 696 887 fluitare
716 852 815 887 mari
834 854 1018 895 totasque
1037 862 1110 896 per
1129 849 1254 896 Alpes

285 914 439 951 fervere
462 913 663 950 Germano
683 912 861 959 perfusas
881 915 1074 958 sanguine
1094 917 1254 950 turmas.

284 977 420 1022 Arma,
437 989 563 1023 cruor,
584 976 740 1022 caedes,
759 975 946 1013 incendia
963 980 1129 1022 totaque
1149 975 1255 1013 bella

283 1045 379 1078 ante
399 1039 533 1077 oculos
553 1039 733 1076 volitant.
794 1039 899 1084 Ergo
918 1038 1075 1085 pulsata
1093 1038 1270 1076 tumultu

283 1108 447 1150 pectora
466 1115 617 1149 perque
637 1102 734 1139 duas
754 1101 990 1139 scinduntur
1009 1104 1149 1139 territa
1168 1113 1312 1139 causas.

286 1167 394 1204 Huic
410 1165 506 1212 fuga
524 1177 596 1212 per
614 1170 752 1210 terras,
773 1164 831 1201 illi
850 1167 976 1210 magis
995 1163 1103 1201 unda
1122 1164 1312 1210 probatur

284 1234 328 1268 et
346 1232 474 1276 patria
493 1233 639 1275 pontus
659 1231 738 1264 iam
757 1230 891 1264 tutior.
951 1227 1024 1264 Est
1043 1230 1168 1273 magis
1187 1239 1295 1264 arma

284 1295 353 1340 qui
372 1297 572 1338 temptare
592 1291 691 1328 velit
710 1291 882 1337 fatisque
902 1291 1132 1327 iubentibus
1151 1292 1222 1327 uti.
1405 1292 1485 1327 220

286 1355 494 1403 Quantum
514 1357 681 1401 quisque
700 1357 832 1400 timet,
852 1359 1011 1391 tantum
1030 1353 1146 1399 fugit.
1206 1352 1326 1391 Ocior
1344 1355 1429 1399 ipse

285 1419 357 1457 hos
377 1422 485 1456 inter
495 1423 628 1455 motus
648 1417 830 1464 populus,
850 1416 1076 1454 miserabile
1096 1419 1194 1463 visu,

284 1495 363 1529 quo
382 1494 496 1519 mens
515 1484 595 1518 icta
614 1481 739 1527 iubet,
759 1480 918 1517 deserta
937 1479 1096 1517 ducitur
1115 1479 1224 1516 urbe.

287 1545 450 1583 Gaudet
470 1545 595 1582 Roma
614 1544 722 1590 fuga,
742 1543 1014 1589 debellatique
1035 1541 1212 1589 Quirites

285 1611 451 1647 rumoris
471 1611 604 1646 sonitu
624 1609 845 1644 maerentia
863 1611 974 1644 tecta
991 1606 1234 1652 relinquunt.

287 1673 361 1710 Ille
381 1686 501 1709 manu
521 1671 663 1718 pavida
682 1675 797 1707 natos
817 1675 946 1716 tenet,
966 1669 1035 1707 ille
1054 1673 1222 1716 penates

284 1736 460 1774 occultat
478 1738 631 1781 gremio
646 1734 976 1780 deploratumque
995 1732 1186 1778 relinquit

283 1800 408 1837 limen
428 1804 470 1836 et
489 1799 697 1835 absentem
716 1799 817 1834 votis
836 1796 1026 1834 interficit
1045 1795 1212 1832 hostem.

285 1858 389 1896 Sunt
408 1860 475 1903 qui
495 1856 728 1902 coniugibus
747 1858 967 1892 maerentia
985 1859 1147 1901 pectora
1165 1856 1346 1900 iungant,

283 1916 607 1963 grandaevosque
627 1919 760 1961 patres
780 1916 989 1959 onerisque
1008 1915 1146 1958 ignara
1164 1914 1348 1949 iuventus
1405 1914 1483 1948 230

283 1975 325 2012 id
343 1988 415 2022 pro
434 1987 513 2020 quo
532 1976 691 2019 metuit,
711 1977 870 2010 tantum
890 1971 1024 2009 trahit.
1084 1970 1230 2009 Omnia
1249 1982 1383 2007 secum

282 2032 347 2071 hic
366 2033 478 2070 vehit
497 2031 728 2078 imprudens
748 2030 1016 2077 praedamque
1035 2031 1077 2066 in
1097 2028 1246 2075 proelia
1260 2027 1391 2065 ducit:

597 2097 762 2131 ²disiecit
780 2099 999 2130 Gulz'elmus:
1021 2096 1158 2128 deiecit.

392 2151 470 2190 268
