<?xml version="1.0" encoding="UTF-8"?>
<!DOCTYPE html PUBLIC "-//W3C//DTD XHTML 1.0 Transitional//EN"
    "http://www.w3.org/TR/xhtml1/DTD/xhtml1-transitional.dtd">
<html xmlns="http://www.w3.org/1999/xhtml" xml:lang="en" lang="en">
 <head>
  <title>
</title>
<meta http-equiv="Content-Type" content="text/html;charset=utf-8" />
  <meta name='ocr-system' content='tesseract 3.04.00' />
  <meta name='ocr-capabilities' content='ocr_page ocr_carea ocr_par ocr_line ocrx_word'/>
</head>
<body>
  <div class='ocr_page' id='page_1' title='image "./petronius00petruoft_0174.png"; bbox 0 0 1534 2470; ppageno 0'>
   <div class='ocr_carea' id='block_1_1' title="bbox 468 191 1239 231">
    <p class='ocr_par' dir='ltr' id='par_1_1' title="bbox 468 191 1239 231">
     <span class='ocr_line' id='line_1_1' title="bbox 468 191 1239 231; baseline 0.003 -3"><span class='ocrx_word' id='word_1_1' title='bbox 468 191 629 230; x_wconf 89' lang='lat' dir='ltr'>TITUS</span> <span class='ocrx_word' id='word_1_2' title='bbox 661 191 970 231; x_wconf 85' lang='lat' dir='ltr'><strong>PETRONIUS</strong></span> <span class='ocrx_word' id='word_1_3' title='bbox 1000 192 1239 230; x_wconf 87' lang='lat' dir='ltr'><strong>ARBITER</strong></span> 
     </span>
    </p>
   </div>
   <div class='ocr_carea' id='block_1_2' title="bbox 245 271 1447 1913">
    <p class='ocr_par' dir='ltr' id='par_1_2' title="bbox 249 271 1444 322">
     <span class='ocr_line' id='line_1_2' title="bbox 249 271 1444 322; baseline 0.003 -13"><span class='ocrx_word' id='word_1_4' title='bbox 249 274 519 309; x_wconf 80' lang='lat' dir='ltr'><strong>ventissimam</strong></span> <span class='ocrx_word' id='word_1_5' title='bbox 533 271 678 318; x_wconf 88' lang='lat' dir='ltr'><strong>haurit,</strong></span> <span class='ocrx_word' id='word_1_6' title='bbox 695 272 915 310; x_wconf 88' lang='lat' dir='ltr'><strong>Fortunata</strong></span> <span class='ocrx_word' id='word_1_7' title='bbox 927 274 1034 311; x_wconf 87' lang='lat' dir='ltr'><strong>mola</strong></span> <span class='ocrx_word' id='word_1_8' title='bbox 1048 275 1179 313; x_wconf 87' lang='lat' dir='ltr'><strong>buxea</strong></span> <span class='ocrx_word' id='word_1_9' title='bbox 1193 277 1308 322; x_wconf 87' lang='lat' dir='ltr'><strong>piper</strong></span> <span class='ocrx_word' id='word_1_10' title='bbox 1321 277 1444 313; x_wconf 81' lang='lat' dir='ltr'><strong>trivit.</strong></span> 
     </span>
    </p>

    <p class='ocr_par' dir='ltr' id='par_1_3' title="bbox 245 327 1447 1913">
     <span class='ocr_line' id='line_1_3' title="bbox 302 327 1446 391; baseline 0.002 -26"><span class='ocrx_word' id='word_1_11' title='bbox 302 327 480 390; x_wconf 85' lang='lat' dir='ltr'><strong>Sumptis</strong></span> <span class='ocrx_word' id='word_1_12' title='bbox 505 330 629 373; x_wconf 88' lang='lat' dir='ltr'><strong>igitur</strong></span> <span class='ocrx_word' id='word_1_13' title='bbox 646 330 808 365; x_wconf 88' lang='lat' dir='ltr'><strong>matteis</strong></span> <span class='ocrx_word' id='word_1_14' title='bbox 833 331 1049 391; x_wconf 86' lang='lat' dir='ltr'><strong>respiciens</strong></span> <span class='ocrx_word' id='word_1_15' title='bbox 1074 330 1126 368; x_wconf 87' lang='lat' dir='ltr'><strong>ad</strong></span> <span class='ocrx_word' id='word_1_16' title='bbox 1153 330 1343 367; x_wconf 86' lang='lat' dir='ltr'><strong>familiam</strong></span> <span class='ocrx_word' id='word_1_17' title='bbox 1361 329 1446 367; x_wconf 89' lang='lat' dir='ltr'><strong>Tri-</strong></span> 
     </span>
     <span class='ocr_line' id='line_1_4' title="bbox 248 373 1447 429; baseline 0.004 -11"><span class='ocrx_word' id='word_1_18' title='bbox 248 373 458 420; x_wconf 85' lang='lat' dir='ltr'><strong>malchio‘</strong></span> <span class='ocrx_word' id='word_1_19' title='bbox 461 373 591 428; x_wconf 85' lang='lat' dir='ltr'><strong>‘Quid</strong></span> <span class='ocrx_word' id='word_1_20' title='bbox 623 382 722 420; x_wconf 89' lang='lat' dir='ltr'><strong>vos’&#39;</strong></span> <span class='ocrx_word' id='word_1_21' title='bbox 758 385 890 429; x_wconf 91' lang='lat' dir='ltr'><strong>inquit</strong></span> <span class='ocrx_word' id='word_1_22' title='bbox 927 374 1091 422; x_wconf 81' lang='lat' dir='ltr'><strong>“adhue</strong></span> <span class='ocrx_word' id='word_1_23' title='bbox 1130 398 1212 422; x_wconf 90' lang='lat' dir='ltr'><strong>non</strong></span> <span class='ocrx_word' id='word_1_24' title='bbox 1251 385 1447 423; x_wconf 80' lang='lat' dir='ltr'><strong>cenastis?</strong></span> 
     </span>
     <span class='ocr_line' id='line_1_5' title="bbox 247 437 1447 486; baseline 0.003 -12"><span class='ocrx_word' id='word_1_25' title='bbox 247 437 385 484; x_wconf 91' lang='lat' dir='ltr'><strong>Abite,</strong></span> <span class='ocrx_word' id='word_1_26' title='bbox 403 442 450 475; x_wconf 92' lang='lat' dir='ltr'><strong>ut</strong></span> <span class='ocrx_word' id='word_1_27' title='bbox 474 437 541 474; x_wconf 87' lang='lat' dir='ltr'><strong>alii</strong></span> <span class='ocrx_word' id='word_1_28' title='bbox 560 440 724 475; x_wconf 90' lang='lat' dir='ltr'><strong>veniant</strong></span> <span class='ocrx_word' id='word_1_29' title='bbox 742 438 794 475; x_wconf 87' lang='lat' dir='ltr'><strong>ad</strong></span> <span class='ocrx_word' id='word_1_30' title='bbox 819 439 1013 476; x_wconf 78' lang='lat' dir='ltr'><strong>officium&#39;</strong></span> <span class='ocrx_word' id='word_1_31' title='bbox 1018 440 1026 452; x_wconf 92' lang='lat'>’</span> <span class='ocrx_word' id='word_1_32' title='bbox 1069 440 1200 478; x_wconf 86' lang='lat' dir='ltr'><strong>Subiit</strong></span> <span class='ocrx_word' id='word_1_33' title='bbox 1228 442 1350 486; x_wconf 87' lang='lat' dir='ltr'><strong>igitur</strong></span> <span class='ocrx_word' id='word_1_34' title='bbox 1371 439 1447 478; x_wconf 83' lang='grc'><strong>8118</strong></span> 
     </span>
     <span class='ocr_line' id='line_1_6' title="bbox 247 485 1446 542; baseline 0.003 -13"><span class='ocrx_word' id='word_1_35' title='bbox 247 492 394 539; x_wconf 87' lang='lat' dir='ltr'><strong>classis,</strong></span> <span class='ocrx_word' id='word_1_36' title='bbox 418 497 461 530; x_wconf 91' lang='lat' dir='ltr'><strong>et</strong></span> <span class='ocrx_word' id='word_1_37' title='bbox 490 492 549 529; x_wconf 92' lang='lat' dir='ltr'><strong>illi</strong></span> <span class='ocrx_word' id='word_1_38' title='bbox 579 493 742 539; x_wconf 90' lang='lat' dir='ltr'><strong>quidem</strong></span> <span class='ocrx_word' id='word_1_39' title='bbox 775 493 1066 532; x_wconf 84' lang='lat' dir='ltr'><strong>exclamavere:</strong></span> <span class='ocrx_word' id='word_1_40' title='bbox 1098 485 1230 532; x_wconf 82' lang='lat' dir='ltr'><strong>“Vale</strong></span> <span class='ocrx_word' id='word_1_41' title='bbox 1258 494 1372 542; x_wconf 86' lang='lat' dir='ltr'><strong>Gai,’&#39;</strong></span> <span class='ocrx_word' id='word_1_42' title='bbox 1403 495 1446 532; x_wconf 89' lang='lat' dir='ltr'><strong>hi</strong></span> 
     </span>
     <span class='ocr_line' id='line_1_7' title="bbox 247 537 1446 595; baseline 0.003 -11"><span class='ocrx_word' id='word_1_43' title='bbox 247 552 404 585; x_wconf 78' lang='lat' dir='ltr'><strong>autem.</strong></span> <span class='ocrx_word' id='word_1_44' title='bbox 444 537 566 585; x_wconf 79' lang='lat' dir='ltr'><strong>“Ave</strong></span> <span class='ocrx_word' id='word_1_45' title='bbox 601 548 686 585; x_wconf 91' lang='lat' dir='ltr'><strong>Gai.</strong></span> <span class='ocrx_word' id='word_1_46' title='bbox 693 547 715 560; x_wconf 71' lang='lat'><strong>&#39;³</strong></span> <span class='ocrx_word' id='word_1_47' title='bbox 753 548 863 585; x_wconf 86' lang='lat' dir='ltr'><strong>Hinc</strong></span> <span class='ocrx_word' id='word_1_48' title='bbox 899 552 1072 595; x_wconf 92' lang='lat' dir='ltr'><strong>primum</strong></span> <span class='ocrx_word' id='word_1_49' title='bbox 1106 549 1282 587; x_wconf 82' lang='lat' dir='ltr'><strong>hilaritas</strong></span> <span class='ocrx_word' id='word_1_50' title='bbox 1311 554 1446 588; x_wconf 85' lang='lat' dir='ltr'><strong>nostra</strong></span> 
     </span>
     <span class='ocr_line' id='line_1_8' title="bbox 247 603 1446 651; baseline 0.003 -12"><span class='ocrx_word' id='word_1_51' title='bbox 247 603 409 640; x_wconf 89' lang='lat' dir='ltr'><strong>turbata</strong></span> <span class='ocrx_word' id='word_1_52' title='bbox 441 607 523 647; x_wconf 91' lang='lat' dir='ltr'><strong>est;</strong></span> <span class='ocrx_word' id='word_1_53' title='bbox 565 616 659 639; x_wconf 90' lang='lat' dir='ltr'><strong>nam</strong></span> <span class='ocrx_word' id='word_1_54' title='bbox 689 616 780 639; x_wconf 93' lang='lat' dir='ltr'><strong>cum</strong></span> <span class='ocrx_word' id='word_1_55' title='bbox 813 616 913 649; x_wconf 91' lang='lat' dir='ltr'><strong>puer</strong></span> <span class='ocrx_word' id='word_1_56' title='bbox 945 617 1026 641; x_wconf 91' lang='lat' dir='ltr'><strong>non</strong></span> <span class='ocrx_word' id='word_1_57' title='bbox 1060 607 1302 651; x_wconf 86' lang='lat' dir='ltr'><strong>inspeciosus</strong></span> <span class='ocrx_word' id='word_1_58' title='bbox 1339 607 1446 642; x_wconf 90' lang='lat' dir='ltr'><strong>inter</strong></span> 
     </span>
     <span class='ocr_line' id='line_1_9' title="bbox 246 659 1447 704; baseline 0.002 -10"><span class='ocrx_word' id='word_1_59' title='bbox 246 670 369 695; x_wconf 90' lang='lat' dir='ltr'><strong>novos</strong></span> <span class='ocrx_word' id='word_1_60' title='bbox 396 660 586 695; x_wconf 81' lang='lat' dir='ltr'><strong>intrasset</strong></span> <span class='ocrx_word' id='word_1_61' title='bbox 612 660 826 704; x_wconf 87' lang='lat' dir='ltr'><strong>ministros,</strong></span> <span class='ocrx_word' id='word_1_62' title='bbox 845 661 989 696; x_wconf 91' lang='lat' dir='ltr'><strong>invasit</strong></span> <span class='ocrx_word' id='word_1_63' title='bbox 1017 672 1110 696; x_wconf 89' lang='lat' dir='ltr'><strong>eum</strong></span> <span class='ocrx_word' id='word_1_64' title='bbox 1136 659 1376 697; x_wconf 89' lang='lat' dir='ltr'><strong>Trimalchio</strong></span> <span class='ocrx_word' id='word_1_65' title='bbox 1404 664 1447 697; x_wconf 89' lang='lat' dir='ltr'><strong>et</strong></span> 
     </span>
     <span class='ocr_line' id='line_1_10' title="bbox 247 713 1447 761; baseline 0.002 -12"><span class='ocrx_word' id='word_1_66' title='bbox 247 713 414 750; x_wconf 88' lang='lat' dir='ltr'><strong>osculari</strong></span> <span class='ocrx_word' id='word_1_67' title='bbox 434 713 583 750; x_wconf 91' lang='lat' dir='ltr'><strong>diutius</strong></span> <span class='ocrx_word' id='word_1_68' title='bbox 599 715 741 759; x_wconf 90' lang='lat' dir='ltr'><strong>coepit.</strong></span> <span class='ocrx_word' id='word_1_69' title='bbox 774 713 916 759; x_wconf 89' lang='lat' dir='ltr'><strong>Itaque</strong></span> <span class='ocrx_word' id='word_1_70' title='bbox 937 714 1168 760; x_wconf 87' lang='lat' dir='ltr'><strong>Fortunata,</strong></span> <span class='ocrx_word' id='word_1_71' title='bbox 1184 720 1231 751; x_wconf 87' lang='lat' dir='ltr'><strong>ut</strong></span> <span class='ocrx_word' id='word_1_72' title='bbox 1249 727 1299 752; x_wconf 89' lang='lat' dir='ltr'><strong>ex</strong></span> <span class='ocrx_word' id='word_1_73' title='bbox 1318 727 1447 761; x_wconf 87' lang='lat' dir='ltr'><strong>aequo</strong></span> 
     </span>
     <span class='ocr_line' id='line_1_11' title="bbox 248 767 1446 814; baseline 0.002 -10"><span class='ocrx_word' id='word_1_74' title='bbox 248 770 309 805; x_wconf 92' lang='lat' dir='ltr'><strong>ius</strong></span> <span class='ocrx_word' id='word_1_75' title='bbox 353 767 510 805; x_wconf 88' lang='lat' dir='ltr'><strong>firmum</strong></span> <span class='ocrx_word' id='word_1_76' title='bbox 554 769 806 814; x_wconf 88' lang='lat' dir='ltr'><strong>approbaret,</strong></span> <span class='ocrx_word' id='word_1_77' title='bbox 843 768 948 806; x_wconf 89' lang='lat' dir='ltr'><strong>male</strong></span> <span class='ocrx_word' id='word_1_78' title='bbox 993 769 1127 807; x_wconf 80' lang='lat' dir='ltr'><strong>dicere</strong></span> <span class='ocrx_word' id='word_1_79' title='bbox 1164 769 1446 807; x_wconf 77' lang='lat' dir='ltr'><strong>Trimalchioni</strong></span> 
     </span>
     <span class='ocr_line' id='line_1_12' title="bbox 247 823 1446 871; baseline 0.002 -12"><span class='ocrx_word' id='word_1_80' title='bbox 247 825 382 869; x_wconf 91' lang='lat' dir='ltr'><strong>coepit</strong></span> <span class='ocrx_word' id='word_1_81' title='bbox 415 828 458 860; x_wconf 86' lang='lat' dir='ltr'><strong>et</strong></span> <span class='ocrx_word' id='word_1_82' title='bbox 491 828 802 869; x_wconf 86' lang='lat' dir='ltr'><strong>purgamentum</strong></span> <span class='ocrx_word' id='word_1_83' title='bbox 832 823 1088 870; x_wconf 86' lang='lat' dir='ltr'><strong>dedecusque</strong></span> <span class='ocrx_word' id='word_1_84' title='bbox 1117 824 1360 871; x_wconf 87' lang='lat' dir='ltr'><strong>praedicare,</strong></span> <span class='ocrx_word' id='word_1_85' title='bbox 1379 827 1446 870; x_wconf 90' lang='lat' dir='ltr'><strong>qui</strong></span> 
     </span>
     <span class='ocr_line' id='line_1_13' title="bbox 247 877 1446 917; baseline 0.002 -3"><span class='ocrx_word' id='word_1_86' title='bbox 247 890 328 915; x_wconf 91' lang='lat' dir='ltr'><strong>non</strong></span> <span class='ocrx_word' id='word_1_87' title='bbox 344 880 572 915; x_wconf 88' lang='lat' dir='ltr'><strong>contineret</strong></span> <span class='ocrx_word' id='word_1_88' title='bbox 590 877 799 915; x_wconf 89' lang='lat' dir='ltr'><strong>libidinem</strong></span> <span class='ocrx_word' id='word_1_89' title='bbox 813 891 934 915; x_wconf 91' lang='lat' dir='ltr'><strong>suam.</strong></span> <span class='ocrx_word' id='word_1_90' title='bbox 969 879 1122 916; x_wconf 89' lang='lat' dir='ltr'><strong>Ultimo</strong></span> <span class='ocrx_word' id='word_1_91' title='bbox 1138 882 1261 916; x_wconf 88' lang='lat' dir='ltr'><strong>etiam</strong></span> <span class='ocrx_word' id='word_1_92' title='bbox 1279 878 1446 917; x_wconf 83' lang='lat' dir='ltr'><strong>adiecit:</strong></span> 
     </span>
     <span class='ocr_line' id='line_1_14' title="bbox 249 923 1446 972; baseline 0.002 -2"><span class='ocrx_word' id='word_1_93' title='bbox 249 923 430 971; x_wconf 68' lang='lat' dir='ltr'><strong>“canis&#39;&#39;</strong></span> <span class='ocrx_word' id='word_1_94' title='bbox 479 932 720 969; x_wconf 86' lang='lat' dir='ltr'><strong>Trimalchio</strong></span> <span class='ocrx_word' id='word_1_95' title='bbox 739 938 877 970; x_wconf 87' lang='lat' dir='ltr'><strong>contra</strong></span> <span class='ocrx_word' id='word_1_96' title='bbox 896 933 1066 971; x_wconf 87' lang='lat' dir='ltr'><strong>offensus</strong></span> <span class='ocrx_word' id='word_1_97' title='bbox 1087 937 1263 971; x_wconf 86' lang='lat' dir='ltr'><strong>convicio</strong></span> <span class='ocrx_word' id='word_1_98' title='bbox 1283 933 1446 972; x_wconf 85' lang='lat' dir='ltr'><strong>calicem</strong></span> 
     </span>
     <span class='ocr_line' id='line_1_15' title="bbox 248 988 1446 1035; baseline 0.002 -11"><span class='ocrx_word' id='word_1_99' title='bbox 248 991 290 1024; x_wconf 92' lang='lat' dir='ltr'><strong>in</strong></span> <span class='ocrx_word' id='word_1_100' title='bbox 309 988 453 1025; x_wconf 87' lang='lat' dir='ltr'><strong>faciem</strong></span> <span class='ocrx_word' id='word_1_101' title='bbox 474 988 716 1025; x_wconf 84' lang='lat' dir='ltr'><strong>Fortunatae</strong></span> <span class='ocrx_word' id='word_1_102' title='bbox 744 990 918 1025; x_wconf 82' lang='lat' dir='ltr'><strong>inimisit.</strong></span> <span class='ocrx_word' id='word_1_103' title='bbox 970 989 1045 1025; x_wconf 90' lang='lat' dir='ltr'><strong>Illa</strong></span> <span class='ocrx_word' id='word_1_104' title='bbox 1070 994 1261 1035; x_wconf 83' lang='lat' dir='ltr'><strong>tanquam</strong></span> <span class='ocrx_word' id='word_1_105' title='bbox 1287 988 1446 1026; x_wconf 86' lang='lat' dir='ltr'><strong>oculum</strong></span> 
     </span>
     <span class='ocr_line' id='line_1_16' title="bbox 248 1043 1446 1089; baseline 0 -9"><span class='ocrx_word' id='word_1_106' title='bbox 248 1043 501 1089; x_wconf 88' lang='lat' dir='ltr'><strong>perdidisset,</strong></span> <span class='ocrx_word' id='word_1_107' title='bbox 514 1043 750 1080; x_wconf 86' lang='lat' dir='ltr'><strong>exclamavit</strong></span> <span class='ocrx_word' id='word_1_108' title='bbox 763 1056 983 1089; x_wconf 89' lang='lat' dir='ltr'><strong>manusque</strong></span> <span class='ocrx_word' id='word_1_109' title='bbox 998 1049 1219 1081; x_wconf 87' lang='lat' dir='ltr'><strong>trementes</strong></span> <span class='ocrx_word' id='word_1_110' title='bbox 1233 1043 1285 1080; x_wconf 89' lang='lat' dir='ltr'><strong>ad</strong></span> <span class='ocrx_word' id='word_1_111' title='bbox 1303 1043 1446 1080; x_wconf 89' lang='lat' dir='ltr'><strong>faciem</strong></span> 
     </span>
     <span class='ocr_line' id='line_1_17' title="bbox 248 1098 1445 1144; baseline 0 -9"><span class='ocrx_word' id='word_1_112' title='bbox 248 1111 359 1135; x_wconf 90' lang='lat' dir='ltr'><strong>suam</strong></span> <span class='ocrx_word' id='word_1_113' title='bbox 378 1098 566 1135; x_wconf 85' lang='lat' dir='ltr'><strong>admovit.</strong></span> <span class='ocrx_word' id='word_1_114' title='bbox 617 1098 881 1135; x_wconf 82' lang='lat' dir='ltr'><strong>Consternata</strong></span> <span class='ocrx_word' id='word_1_115' title='bbox 900 1103 962 1135; x_wconf 89' lang='lat' dir='ltr'><strong>est</strong></span> <span class='ocrx_word' id='word_1_116' title='bbox 981 1101 1102 1135; x_wconf 86' lang='lat' dir='ltr'><strong>etiam</strong></span> <span class='ocrx_word' id='word_1_117' title='bbox 1123 1098 1303 1136; x_wconf 84' lang='lat' dir='ltr'><strong>Scintilla</strong></span> <span class='ocrx_word' id='word_1_118' title='bbox 1322 1101 1445 1144; x_wconf 89' lang='lat' dir='ltr'><strong>trepi-</strong></span> 
     </span>
     <span class='ocr_line' id='line_1_18' title="bbox 249 1152 1444 1199; baseline 0 -9"><span class='ocrx_word' id='word_1_119' title='bbox 249 1153 493 1199; x_wconf 86' lang='lat' dir='ltr'><strong>dantemque</strong></span> <span class='ocrx_word' id='word_1_120' title='bbox 513 1155 601 1189; x_wconf 93' lang='lat' dir='ltr'><strong>sinu</strong></span> <span class='ocrx_word' id='word_1_121' title='bbox 621 1165 691 1189; x_wconf 93' lang='lat' dir='ltr'><strong>suo</strong></span> <span class='ocrx_word' id='word_1_122' title='bbox 710 1155 823 1190; x_wconf 87' lang='lat' dir='ltr'><strong>texit.</strong></span> <span class='ocrx_word' id='word_1_123' title='bbox 867 1152 993 1190; x_wconf 90' lang='lat' dir='ltr'><strong>Immo</strong></span> <span class='ocrx_word' id='word_1_124' title='bbox 1012 1166 1112 1199; x_wconf 90' lang='lat' dir='ltr'><strong>puer</strong></span> <span class='ocrx_word' id='word_1_125' title='bbox 1125 1166 1283 1199; x_wconf 91' lang='lat' dir='ltr'><strong>quoque</strong></span> <span class='ocrx_word' id='word_1_126' title='bbox 1302 1153 1444 1190; x_wconf 86' lang='lat' dir='ltr'><strong>officio-</strong></span> 
     </span>
     <span class='ocr_line' id='line_1_19' title="bbox 247 1207 1445 1254; baseline -0.001 -8"><span class='ocrx_word' id='word_1_127' title='bbox 247 1221 312 1246; x_wconf 91' lang='lat' dir='ltr'><strong>sus</strong></span> <span class='ocrx_word' id='word_1_128' title='bbox 330 1208 535 1245; x_wconf 91' lang='lat' dir='ltr'><strong>urceolum</strong></span> <span class='ocrx_word' id='word_1_129' title='bbox 554 1207 743 1252; x_wconf 85' lang='lat' dir='ltr'><strong>frigidum</strong></span> <span class='ocrx_word' id='word_1_130' title='bbox 762 1207 813 1244; x_wconf 92' lang='lat' dir='ltr'><strong>ad</strong></span> <span class='ocrx_word' id='word_1_131' title='bbox 837 1208 983 1244; x_wconf 85' lang='lat' dir='ltr'><strong>malam</strong></span> <span class='ocrx_word' id='word_1_132' title='bbox 1009 1211 1093 1246; x_wconf 91' lang='lat' dir='ltr'><strong>eius</strong></span> <span class='ocrx_word' id='word_1_133' title='bbox 1118 1208 1308 1254; x_wconf 87' lang='lat' dir='ltr'><strong>admovit,</strong></span> <span class='ocrx_word' id='word_1_134' title='bbox 1327 1221 1445 1254; x_wconf 91' lang='lat' dir='ltr'><strong>super</strong></span> 
     </span>
     <span class='ocr_line' id='line_1_20' title="bbox 247 1263 1442 1309; baseline 0 -9"><span class='ocrx_word' id='word_1_135' title='bbox 247 1276 367 1309; x_wconf 91' lang='lat' dir='ltr'><strong>quem</strong></span> <span class='ocrx_word' id='word_1_136' title='bbox 397 1263 633 1299; x_wconf 89' lang='lat' dir='ltr'><strong>incumbens</strong></span> <span class='ocrx_word' id='word_1_137' title='bbox 665 1263 882 1299; x_wconf 87' lang='lat' dir='ltr'><strong>Fortunata</strong></span> <span class='ocrx_word' id='word_1_138' title='bbox 910 1275 1074 1308; x_wconf 88' lang='lat' dir='ltr'><strong>gemere</strong></span> <span class='ocrx_word' id='word_1_139' title='bbox 1102 1276 1148 1300; x_wconf 92' lang='lat' dir='ltr'><strong>ac</strong></span> <span class='ocrx_word' id='word_1_140' title='bbox 1175 1263 1270 1300; x_wconf 88' lang='lat' dir='ltr'><strong>flere</strong></span> <span class='ocrx_word' id='word_1_141' title='bbox 1298 1266 1442 1309; x_wconf 87' lang='lat' dir='ltr'><strong>coepit.</strong></span> 
     </span>
     <span class='ocr_line' id='line_1_21' title="bbox 247 1308 1444 1389; baseline 0 -34"><span class='ocrx_word' id='word_1_142' title='bbox 247 1318 395 1355; x_wconf 87' lang='lat' dir='ltr'><strong>Contra</strong></span> <span class='ocrx_word' id='word_1_143' title='bbox 417 1308 689 1354; x_wconf 80' lang='lat' dir='ltr'><strong>Trimalchio‘</strong></span> <span class='ocrx_word' id='word_1_144' title='bbox 693 1308 832 1389; x_wconf 73' lang='lat' dir='ltr'><strong>‘Quid2</strong></span> <span class='ocrx_word' id='word_1_145' title='bbox 847 1317 1011 1354; x_wconf 89' lang='lat' dir='ltr'><strong>enim?”</strong></span> <span class='ocrx_word' id='word_1_146' title='bbox 1042 1320 1174 1364; x_wconf 90' lang='lat' dir='ltr'><strong>inquit</strong></span> <span class='ocrx_word' id='word_1_147' title='bbox 1202 1309 1444 1355; x_wconf 79' lang='lat' dir='ltr'><strong>“ambubaia</strong></span> 
     </span>
     <span class='ocr_line' id='line_1_22' title="bbox 246 1365 1443 1418; baseline 0 -9"><span class='ocrx_word' id='word_1_148' title='bbox 246 1387 328 1410; x_wconf 91' lang='lat' dir='ltr'><strong>non</strong></span> <span class='ocrx_word' id='word_1_149' title='bbox 374 1365 587 1418; x_wconf 89' lang='lat' dir='ltr'><strong>meminit,l</strong></span> <span class='ocrx_word' id='word_1_150' title='bbox 635 1372 706 1409; x_wconf 91' lang='lat' dir='ltr'><strong>sed</strong></span> <span class='ocrx_word' id='word_1_151' title='bbox 753 1365 1088 1409; x_wconf 72' lang='grc'><strong>(102111801111183</strong></span> <span class='ocrx_word' id='word_1_152' title='bbox 1133 1372 1243 1409; x_wconf 88' lang='grc'><strong>1118111</strong></span> <span class='ocrx_word' id='word_1_153' title='bbox 1289 1372 1443 1418; x_wconf 92' lang='lat' dir='ltr'><strong>sustuli,</strong></span> 
     </span>
     <span class='ocr_line' id='line_1_23' title="bbox 247 1426 1443 1473; baseline -0.001 -8"><span class='ocrx_word' id='word_1_154' title='bbox 247 1428 452 1465; x_wconf 92' lang='lat' dir='ltr'><strong>hominem</strong></span> <span class='ocrx_word' id='word_1_155' title='bbox 483 1430 590 1465; x_wconf 88' lang='lat' dir='ltr'><strong>inter</strong></span> <span class='ocrx_word' id='word_1_156' title='bbox 614 1427 797 1464; x_wconf 91' lang='lat' dir='ltr'><strong>homines</strong></span> <span class='ocrx_word' id='word_1_157' title='bbox 823 1427 911 1464; x_wconf 89' lang='lat' dir='ltr'><strong>feci.</strong></span> <span class='ocrx_word' id='word_1_158' title='bbox 971 1427 1028 1465; x_wconf 90' lang='lat' dir='ltr'><strong>At</strong></span> <span class='ocrx_word' id='word_1_159' title='bbox 1051 1426 1163 1465; x_wconf 88' lang='lat' dir='ltr'><strong>inflat</strong></span> <span class='ocrx_word' id='word_1_160' title='bbox 1188 1440 1230 1465; x_wconf 87' lang='lat' dir='ltr'><strong>se</strong></span> <span class='ocrx_word' id='word_1_161' title='bbox 1252 1432 1443 1473; x_wconf 88' lang='lat' dir='ltr'><strong>tanquam</strong></span> 
     </span>
     <span class='ocr_line' id='line_1_24' title="bbox 247 1476 1441 1529; baseline -0.001 -9"><span class='ocrx_word' id='word_1_162' title='bbox 247 1497 355 1529; x_wconf 87' lang='lat' dir='ltr'><strong>rana,</strong></span> <span class='ocrx_word' id='word_1_163' title='bbox 372 1488 415 1520; x_wconf 90' lang='lat' dir='ltr'><strong>et</strong></span> <span class='ocrx_word' id='word_1_164' title='bbox 433 1485 475 1519; x_wconf 91' lang='lat' dir='ltr'><strong>in</strong></span> <span class='ocrx_word' id='word_1_165' title='bbox 494 1485 625 1520; x_wconf 88' lang='lat' dir='ltr'><strong>sinum</strong></span> <span class='ocrx_word' id='word_1_166' title='bbox 645 1495 759 1519; x_wconf 88' lang='lat' dir='ltr'><strong>suum</strong></span> <span class='ocrx_word' id='word_1_167' title='bbox 778 1495 860 1518; x_wconf 92' lang='lat' dir='ltr'><strong>non</strong></span> <span class='ocrx_word' id='word_1_168' title='bbox 875 1476 1012 1528; x_wconf 75' lang='lat' dir='ltr'><strong>spuit,4</strong></span> <span class='ocrx_word' id='word_1_169' title='bbox 1029 1482 1167 1528; x_wconf 86' lang='lat' dir='ltr'><strong>codex,</strong></span> <span class='ocrx_word' id='word_1_170' title='bbox 1187 1495 1269 1519; x_wconf 93' lang='lat' dir='ltr'><strong>non</strong></span> <span class='ocrx_word' id='word_1_171' title='bbox 1287 1482 1441 1519; x_wconf 89' lang='lat' dir='ltr'><strong>mulier.</strong></span> 
     </span>
     <span class='ocr_line' id='line_1_25' title="bbox 247 1537 1440 1584; baseline -0.002 -9"><span class='ocrx_word' id='word_1_172' title='bbox 247 1538 329 1576; x_wconf 91' lang='lat' dir='ltr'><strong>Sed</strong></span> <span class='ocrx_word' id='word_1_173' title='bbox 348 1538 426 1583; x_wconf 86' lang='lat' dir='ltr'><strong>hic,</strong></span> <span class='ocrx_word' id='word_1_174' title='bbox 439 1541 508 1584; x_wconf 91' lang='lat' dir='ltr'><strong>qui</strong></span> <span class='ocrx_word' id='word_1_175' title='bbox 527 1540 569 1574; x_wconf 93' lang='lat' dir='ltr'><strong>in</strong></span> <span class='ocrx_word' id='word_1_176' title='bbox 588 1537 754 1583; x_wconf 86' lang='lat' dir='ltr'><strong>pergula</strong></span> <span class='ocrx_word' id='word_1_177' title='bbox 765 1542 883 1574; x_wconf 89' lang='lat' dir='ltr'><strong>natus</strong></span> <span class='ocrx_word' id='word_1_178' title='bbox 899 1542 972 1582; x_wconf 90' lang='lat' dir='ltr'><strong>est,</strong></span> <span class='ocrx_word' id='word_1_179' title='bbox 985 1537 1105 1574; x_wconf 88' lang='lat' dir='ltr'><strong>aedes</strong></span> <span class='ocrx_word' id='word_1_180' title='bbox 1117 1550 1198 1574; x_wconf 92' lang='lat' dir='ltr'><strong>non</strong></span> <span class='ocrx_word' id='word_1_181' title='bbox 1213 1539 1440 1574; x_wconf 89' lang='lat' dir='ltr'><strong>somniatur.</strong></span> 
     </span>
     <span class='ocr_line' id='line_1_26' title="bbox 248 1591 1442 1638; baseline -0.002 -8"><span class='ocrx_word' id='word_1_182' title='bbox 248 1592 311 1630; x_wconf 88' lang='lat' dir='ltr'><strong>Ita</strong></span> <span class='ocrx_word' id='word_1_183' title='bbox 329 1595 494 1638; x_wconf 89' lang='lat' dir='ltr'><strong>genium</strong></span> <span class='ocrx_word' id='word_1_184' title='bbox 513 1605 648 1629; x_wconf 90' lang='lat' dir='ltr'><strong>meum</strong></span> <span class='ocrx_word' id='word_1_185' title='bbox 667 1594 883 1638; x_wconf 87' lang='lat' dir='ltr'><strong>propitium</strong></span> <span class='ocrx_word' id='word_1_186' title='bbox 904 1592 1086 1637; x_wconf 88' lang='lat' dir='ltr'><strong>habeam,</strong></span> <span class='ocrx_word' id='word_1_187' title='bbox 1106 1592 1263 1637; x_wconf 91' lang='lat' dir='ltr'><strong>curabo,</strong></span> <span class='ocrx_word' id='word_1_188' title='bbox 1283 1591 1442 1629; x_wconf 81' lang='lat' dir='ltr'><strong>domata</strong></span> 
     </span>
     <span class='ocr_line' id='line_1_27' title="bbox 245 1646 1440 1693; baseline -0.002 -8"><span class='ocrx_word' id='word_1_189' title='bbox 245 1651 298 1685; x_wconf 88' lang='lat' dir='ltr'><strong>sit</strong></span> <span class='ocrx_word' id='word_1_190' title='bbox 314 1647 531 1685; x_wconf 88' lang='lat' dir='ltr'><strong>Cassandra</strong></span> <span class='ocrx_word' id='word_1_191' title='bbox 544 1647 737 1693; x_wconf 88' lang='lat' dir='ltr'><strong>caligaria.</strong></span> <span class='ocrx_word' id='word_1_192' title='bbox 761 1647 816 1684; x_wconf 88' lang='lat' dir='ltr'><strong>Et</strong></span> <span class='ocrx_word' id='word_1_193' title='bbox 831 1659 919 1692; x_wconf 87' lang='lat' dir='ltr'><strong>ego,</strong></span> <span class='ocrx_word' id='word_1_194' title='bbox 933 1646 1051 1683; x_wconf 91' lang='lat' dir='ltr'><strong>homo</strong></span> <span class='ocrx_word' id='word_1_195' title='bbox 1064 1646 1350 1692; x_wconf 90' lang='lat' dir='ltr'><strong>dipundiarius,</strong></span> <span class='ocrx_word' id='word_1_196' title='bbox 1362 1659 1440 1683; x_wconf 91' lang='lat' dir='ltr'><strong>ses-</strong></span> 
     </span>
     <span class='ocr_line' id='line_1_28' title="bbox 249 1701 1442 1748; baseline -0.002 -8"><span class='ocrx_word' id='word_1_197' title='bbox 249 1705 411 1740; x_wconf 85' lang='lat' dir='ltr'><strong>tertium</strong></span> <span class='ocrx_word' id='word_1_198' title='bbox 432 1705 584 1739; x_wconf 87' lang='lat' dir='ltr'><strong>centies</strong></span> <span class='ocrx_word' id='word_1_199' title='bbox 604 1704 784 1747; x_wconf 83' lang='lat' dir='ltr'><strong>accipere</strong></span> <span class='ocrx_word' id='word_1_200' title='bbox 804 1704 928 1748; x_wconf 90' lang='lat' dir='ltr'><strong>potui.</strong></span> <span class='ocrx_word' id='word_1_201' title='bbox 978 1701 1062 1739; x_wconf 89' lang='lat' dir='ltr'><strong>Scis</strong></span> <span class='ocrx_word' id='word_1_202' title='bbox 1081 1706 1126 1739; x_wconf 90' lang='lat' dir='ltr'><strong>tu</strong></span> <span class='ocrx_word' id='word_1_203' title='bbox 1146 1713 1211 1738; x_wconf 91' lang='lat' dir='ltr'><strong>me</strong></span> <span class='ocrx_word' id='word_1_204' title='bbox 1230 1714 1312 1738; x_wconf 92' lang='lat' dir='ltr'><strong>non</strong></span> <span class='ocrx_word' id='word_1_205' title='bbox 1329 1713 1442 1738; x_wconf 91' lang='lat' dir='ltr'><strong>men-</strong></span> 
     </span>
     <span class='ocr_line' id='line_1_29' title="bbox 246 1755 1441 1802; baseline -0.002 -8"><span class='ocrx_word' id='word_1_206' title='bbox 246 1761 323 1795; x_wconf 89' lang='lat' dir='ltr'><strong>tiri.</strong></span> <span class='ocrx_word' id='word_1_207' title='bbox 375 1757 548 1802; x_wconf 86' lang='lat' dir='ltr'><strong>Agatho,</strong></span> <span class='ocrx_word' id='word_1_208' title='bbox 571 1759 859 1802; x_wconf 83' lang='lat' dir='ltr'><strong>unguentarius</strong></span> <span class='ocrx_word' id='word_1_209' title='bbox 890 1756 1011 1793; x_wconf 88' lang='lat' dir='ltr'><strong>herae</strong></span> <span class='ocrx_word' id='word_1_210' title='bbox 1042 1758 1256 1802; x_wconf 86' lang='lat' dir='ltr'><strong>proximae,</strong></span> <span class='ocrx_word' id='word_1_211' title='bbox 1284 1755 1441 1793; x_wconf 78' lang='lat' dir='ltr'><strong>seduxit</strong></span> 
     </span>
     <span class='ocr_line' id='line_1_30' title="bbox 246 1802 1442 1857; baseline -0.002 -8"><span class='ocrx_word' id='word_1_212' title='bbox 246 1825 310 1849; x_wconf 92' lang='lat' dir='ltr'><strong>me</strong></span> <span class='ocrx_word' id='word_1_213' title='bbox 327 1818 371 1849; x_wconf 90' lang='lat' dir='ltr'><strong>et</strong></span> <span class='ocrx_word' id='word_1_214' title='bbox 391 1804 584 1850; x_wconf 79' lang='lat' dir='ltr'><strong>‘Suadeo’</strong></span> <span class='ocrx_word' id='word_1_215' title='bbox 607 1814 738 1857; x_wconf 90' lang='lat' dir='ltr'><strong>inquit</strong></span> <span class='ocrx_word' id='word_1_216' title='bbox 758 1802 858 1848; x_wconf 82' lang='lat' dir='ltr'><strong>‘non</strong></span> <span class='ocrx_word' id='word_1_217' title='bbox 874 1813 1034 1857; x_wconf 88' lang='lat' dir='ltr'><strong>patiaris</strong></span> <span class='ocrx_word' id='word_1_218' title='bbox 1049 1823 1176 1856; x_wconf 89' lang='lat' dir='ltr'><strong>genus</strong></span> <span class='ocrx_word' id='word_1_219' title='bbox 1191 1815 1305 1847; x_wconf 91' lang='lat' dir='ltr'><strong>tuum</strong></span> <span class='ocrx_word' id='word_1_220' title='bbox 1319 1813 1442 1847; x_wconf 88' lang='lat' dir='ltr'><strong>inter-</strong></span> 
     </span>
     <span class='ocr_line' id='line_1_31' title="bbox 245 1865 1440 1913; baseline -0.002 -9"><span class='ocrx_word' id='word_1_221' title='bbox 245 1868 328 1905; x_wconf 91' lang='lat' dir='ltr'><strong>ire.&#39;</strong></span> <span class='ocrx_word' id='word_1_222' title='bbox 379 1867 435 1904; x_wconf 90' lang='lat' dir='ltr'><strong>At</strong></span> <span class='ocrx_word' id='word_1_223' title='bbox 464 1880 540 1913; x_wconf 88' lang='lat' dir='ltr'><strong>ego</strong></span> <span class='ocrx_word' id='word_1_224' title='bbox 569 1866 665 1903; x_wconf 92' lang='lat' dir='ltr'><strong>dum</strong></span> <span class='ocrx_word' id='word_1_225' title='bbox 694 1866 866 1903; x_wconf 90' lang='lat' dir='ltr'><strong>bonatus</strong></span> <span class='ocrx_word' id='word_1_226' title='bbox 895 1878 970 1911; x_wconf 87' lang='lat' dir='ltr'><strong>ago</strong></span> <span class='ocrx_word' id='word_1_227' title='bbox 999 1871 1041 1902; x_wconf 85' lang='lat' dir='ltr'><strong>et</strong></span> <span class='ocrx_word' id='word_1_228' title='bbox 1067 1865 1159 1902; x_wconf 88' lang='lat' dir='ltr'><strong>nolo</strong></span> <span class='ocrx_word' id='word_1_229' title='bbox 1178 1865 1303 1902; x_wconf 90' lang='lat' dir='ltr'><strong>videri</strong></span> <span class='ocrx_word' id='word_1_230' title='bbox 1330 1865 1440 1910; x_wconf 88' lang='lat' dir='ltr'><strong>levis,</strong></span> 
     </span>
    </p>
   </div>
   <div class='ocr_carea' id='block_1_3' title="bbox 541 1956 1135 2127">
    <p class='ocr_par' dir='ltr' id='par_1_4' title="bbox 544 1956 1135 2032">
     <span class='ocr_line' id='line_1_32' title="bbox 547 1956 1135 1988; baseline 0 0"><span class='ocrx_word' id='word_1_231' title='bbox 547 1958 554 1975; x_wconf 92' lang='lat'><strong>¹</strong></span> <span class='ocrx_word' id='word_1_232' title='bbox 569 1958 726 1988; x_wconf 78' lang='lat' dir='ltr'><strong>meminit</strong></span> <span class='ocrx_word' id='word_1_233' title='bbox 742 1956 936 1987; x_wconf 82' lang='lat' dir='ltr'><strong>Heinsius:</strong></span> <span class='ocrx_word' id='word_1_234' title='bbox 959 1967 1013 1987; x_wconf 89' lang='lat' dir='ltr'><strong>me</strong></span> <span class='ocrx_word' id='word_1_235' title='bbox 1030 1957 1135 1988; x_wconf 86' lang='lat' dir='ltr'><strong>misit.</strong></span> 
     </span>
     <span class='ocr_line' id='line_1_33' title="bbox 544 1999 1033 2032; baseline -0.004 0"><span class='ocrx_word' id='word_1_236' title='bbox 544 1999 632 2032; x_wconf 78' lang='lat' dir='ltr'><strong>²sed</strong></span> <span class='ocrx_word' id='word_1_237' title='bbox 648 2001 692 2031; x_wconf 90' lang='lat' dir='ltr'><strong>de</strong></span> <span class='ocrx_word' id='word_1_238' title='bbox 710 2000 916 2031; x_wconf 79' lang='lat' dir='ltr'><strong>Buecheler:</strong></span> <span class='ocrx_word' id='word_1_239' title='bbox 938 1999 1033 2030; x_wconf 90' lang='lat' dir='ltr'><strong>sede.</strong></span> 
     </span>
    </p>

    <p class='ocr_par' dir='ltr' id='par_1_5' title="bbox 541 2043 1130 2127">
     <span class='ocr_line' id='line_1_34' title="bbox 544 2043 1130 2074; baseline -0.003 0"><span class='ocrx_word' id='word_1_240' title='bbox 544 2043 557 2063; x_wconf 80' lang='lat'><strong>³</strong></span> <span class='ocrx_word' id='word_1_241' title='bbox 568 2044 733 2074; x_wconf 83' lang='lat' dir='ltr'><strong>machina</strong></span> <span class='ocrx_word' id='word_1_242' title='bbox 750 2043 893 2074; x_wconf 82' lang='lat' dir='ltr'><strong>Reiske:</strong></span> <span class='ocrx_word' id='word_1_243' title='bbox 916 2043 1130 2073; x_wconf 86' lang='lat' dir='ltr'><strong>machillam.</strong></span> 
     </span>
     <span class='ocr_line' id='line_1_35' title="bbox 541 2085 1097 2127; baseline -0.004 -9"><span class='ocrx_word' id='word_1_244' title='bbox 541 2086 632 2118; x_wconf 91' lang='lat' dir='ltr'><strong>⁴non</strong></span> <span class='ocrx_word' id='word_1_245' title='bbox 650 2086 744 2127; x_wconf 86' lang='lat' dir='ltr'><strong>spuit</strong></span> <span class='ocrx_word' id='word_1_246' title='bbox 760 2086 901 2117; x_wconf 81' lang='lat' dir='ltr'><strong>Reiske:</strong></span> <span class='ocrx_word' id='word_1_247' title='bbox 924 2085 1097 2126; x_wconf 87' lang='lat' dir='ltr'><strong>conspuit.</strong></span> 
     </span>
    </p>
   </div>
   <div class='ocr_carea' id='block_1_4' title="bbox 354 2141 430 2181">
    <p class='ocr_par' dir='ltr' id='par_1_6' title="bbox 354 2141 430 2181">
     <span class='ocr_line' id='line_1_36' title="bbox 354 2141 430 2181; baseline 0.039 -3"><span class='ocrx_word' id='word_1_248' title='bbox 354 2141 430 2181; x_wconf 74' lang='lat'><strong>146</strong></span> 
     </span>
    </p>
   </div>
  </div>
 </body>
</html>
