1534 2470
143 1383 216 1416 115

457 203 619 242 TITUS
650 204 962 243 PETRONIUS
992 203 1232 243 ARBITER

236 296 405 331 meaque
433 287 571 322 tunica
599 290 808 323 contectus
837 287 994 323 exeruit
1021 284 1074 323 ad
1102 285 1280 324 osculum
1305 293 1437 335 caput.

238 347 292 385 Et
319 361 372 385 ne
401 350 456 385 sic
487 348 747 386 cohaerentes
775 348 987 395 malignior
1014 347 1156 386 fluctus
1185 349 1441 398 distraheret,

236 416 451 457 utrumque
471 425 570 448 zona
590 414 919 449 circumvenienti
938 414 1161 458 praecinxit
1181 417 1224 450 et
1243 403 1320 452 “81
1338 413 1440 452 nihil

236 474 357 521 aliud,
378 480 487 512 certe
508 475 689 512 diutius'’
715 477 847 521 inquit
873 465 1063 512 “iunctos
1086 488 1159 513 nos
1178 467 1303 514 mare1
1322 476 1441 524 feret,

238 538 302 575 vel
322 540 354 575 si
373 537 544 575 voluerit
563 540 783 576 misericors
803 538 854 575 ad
880 537 988 575 idern
1013 537 1109 576 litus
1135 539 1351 587 expellere,
1369 545 1441 578 aut

239 603 485 648 praeteriens
504 601 646 648 aliquis
666 602 862 639 tralaticia
880 601 1130 639 humanitate
1149 601 1356 650 lapidabit,
1370 609 1442 642 aut

239 664 343 711 quod
376 665 564 702 ultimum
595 670 658 702 est
687 667 797 702 iratis
828 667 950 703 etiam
980 664 1179 711 fluctibus,
1208 666 1440 713 imprudens

240 728 389 766 harena
408 728 660 774 componet.”
721 728 854 766 Patior
877 741 954 774 ego
976 728 1179 765 vinculum
1202 734 1440 776 extremum,

241 797 284 829 et
302 792 428 829 veluti
446 791 553 829 lecto
572 791 732 829 funebri
759 797 919 838 aptatus
948 796 1137 838 exspecto
1164 797 1336 830 mortem
1362 796 1441 830 iam

242 863 322 887 non
345 850 564 887 molestam.
627 850 788 896 Peragit
816 852 978 887 interim
1005 854 1224 897 tempestas
1252 850 1442 888 mandata

242 908 415 946 fatorum
452 921 670 954 omnesque
708 908 894 954 reliquias
931 910 1041 945 navis
1074 914 1289 955 expugnat.
1348 909 1442 947 Non

243 968 358 1004 arbor
391 972 477 1004 erat
510 967 663 1013 relicta,
692 980 773 1004 non
807 966 1089 1012 gubernacula,
1118 980 1200 1004 non
1233 967 1340 1006 funis
1371 972 1442 1005 aut

243 1039 388 1072 remus,
403 1025 474 1064 sed
494 1029 604 1072 quasi
623 1026 731 1063 rudis
751 1030 872 1072 atque
888 1025 1038 1062 infecta
1051 1028 1238 1063 materies
1248 1026 1338 1063 'ibat
1351 1038 1441 1063 cum

243 1085 427 1122 fluctibus
448 1114 454 1121 .
479 1114 486 1121 .
511 1114 518 1121 .

301 1144 534 1181 Procurrere
562 1146 778 1189 piscatores
804 1142 975 1189 parvulis
1002 1141 1181 1189 expediti
1203 1144 1370 1189 navigiis
1391 1141 1443 1179 ad

245 1202 433 1249 praedam
451 1201 693 1248 rapiendam.
754 1200 914 1238 Deinde
934 1205 979 1237 ut
994 1200 1145 1247 aliquos
1159 1200 1359 1247 viderunt,
1373 1203 1442 1247 qui
1502 1234 1504 1236 .

246 1274 334 1299 suas
365 1273 460 1307 opes
491 1260 773 1305 defenderent,
802 1263 1059 1296 mutaverunt
1089 1258 1370 1296 crudelitatem
1400 1261 1442 1295 in

245 1319 435 1356 auxilium
456 1348 463 1356 .
487 1348 494 1355 .
518 1348 526 1355 .

302 1377 499 1415 Audimus
518 1390 696 1414 murmur
718 1376 922 1414 insolitum
946 1381 989 1413 et
1014 1376 1088 1413 sub
1111 1375 1244 1413 diaeta
1265 1376 1444 1421 magistri

248 1439 359 1484 quasi
374 1439 571 1482 cupientis
587 1438 695 1473 exire
710 1434 852 1472 beluae
866 1437 1072 1481 gemitum.
1107 1434 1310 1471 Persecuti
1323 1436 1446 1480 igitur

247 1509 388 1533 sonum
399 1497 622 1532 invenimus
639 1493 879 1540 Eumolpum
891 1493 1101 1530 sedentem
1112 1492 1446 1538 membranaeque

247 1556 405 1600 ingenti
435 1566 569 1591 versus
607 1555 871 1598 ingerentem.
932 1552 1068 1588 Mirati
1105 1563 1214 1597 ergo,
1244 1549 1352 1597 quod
1387 1549 1447 1587 illi

248 1617 407 1649 vacaret
436 1614 479 1648 in
508 1614 651 1648 vicinia
681 1613 819 1647 mortis
856 1623 999 1656 poema
1028 1609 1171 1655 facere,
1203 1608 1446 1646 extrahimus

249 1671 489 1708 clamantem
512 1670 774 1715 iubemusque
803 1669 948 1705 bonam
973 1667 1120 1705 habere
1139 1672 1330 1704 mentem.
1388 1666 1447 1703 At

249 1730 317 1767 ille
351 1728 630 1775 interpellatus
664 1727 879 1764 excanduit
912 1731 955 1764 et
989 1716 1151 1764 “Sinite
1166 1748 1170 1750 -
1188 1725 1285 1762 me”
1315 1727 1446 1770 inquit

251 1779 527 1826 “sententiam
548 1786 730 1833 explere;
749 1786 902 1822 laborat
922 1797 1081 1822 carmen
1101 1787 1142 1820 in
1162 1783 1250 1820 fine.
1257 1783 1279 1796 ”
1323 1782 1446 1819 Inicio

250 1860 326 1893 ego
340 1846 569 1903 phrenitico
582 1857 752 1881 manum
757 1844 954 1889 iubeoque
971 1843 1119 1880 Gitona
1133 1841 1324 1879 accedere
1343 1845 1387 1912 et
1404 1843 1444 1877 in

249 1900 397 1943 terram
416 1904 576 1942 trahere
595 1908 756 1949 poetam
775 1904 1084 1947 mugientem..
1109 1930 1116 1938 .

306 1957 398 2001 Hoc
436 1975 557 2009 opere
595 1961 760 1998 tandem
795 1960 996 1998 elaborato
1035 1972 1165 1996 casam
1197 1959 1447 2005 piscatoriam

251 2023 427 2061 subimus
482 2025 722 2065 maerentes,
770 2019 946 2064 cibisque
993 2017 1200 2063 naufragio
1253 2017 1448 2061 corruptis

423 2101 585 2133 ¹iunctos
601 2110 666 2132 nos
683 2109 781 2131 mare
797 2098 911 2128 Faber
922 2108 934 2129 .·
950 2097 1071 2129 iuncta
1088 2107 1155 2128 nos
1171 2106 1278 2128 mors.

362 2157 441 2191 240
