1534 2470
461 199 660 238 LUCIUS
690 199 956 238 ANNAEUS
985 199 1197 238 SENECA

225 281 315 328 fuit,
336 281 541 318 damnavit
559 283 714 317 incesti.
774 279 953 318 Silanum
973 283 1081 317 enim
1099 293 1294 326 generum
1313 292 1427 318 suum

225 353 371 391 occidit
402 357 614 399 propterea
644 351 751 397 quod
782 364 955 388 sororem
986 365 1110 398 suam,
1136 351 1428 389 festivissimam

224 428 403 464 omnium
428 424 664 470 puellarum,
692 437 811 470 quam
837 437 975 461 omnes
1002 424 1202 461 Venerem
1226 427 1428 468 vocarent,

224 497 366 535 maluit
405 495 602 532 Iunonem
640 508 790 532 vocare.
851 486 1030 541 ‘Quare’
1079 497 1211 541 inquit
1258 485 1428 541 ‘quaero

226 571 348 614 enim,
365 579 539 604 sororem
559 566 699 603 suam?
714 566 722 579 '
781 566 928 612 Stulte,
949 566 1066 603 stude
1082 579 1091 603 ε
1120 565 1294 604 Athenis
1313 565 1428 603 dimi-

225 640 336 678 dium
355 639 464 684 licet,
481 637 748 675 Alexandriae
769 642 910 674 totum.
968 628 980 645 ‘
992 636 1097 684 Quia
1113 637 1260 675 Romae
1273 637 1282 651 '
1298 639 1428 683 inquis

226 703 382 749 ‘mures
415 709 540 746 molas
572 709 760 754 lingunt.'
820 709 901 746 Hic
934 710 1048 746 nobis
1081 722 1200 746 curva
1232 708 1428 754 corriget?

226 783 323 830 quid
360 785 402 819 in
440 781 622 818 cubiculo
660 794 730 818 suo
764 780 896 826 faciat,
934 783 1075 826 nescit,
1114 785 1158 818 et
1194 782 1272 816 iam
1307 770 1428 816 ‘caeli

226 859 426 894 scrutatur
444 853 581 900 plagas
595 853 635 889 ⁹?
693 853 804 890 Deus
828 852 912 889 fieri
938 852 1048 889 vult:
1077 865 1216 898 parum
1242 855 1304 888 est
1323 850 1428 897 quod

191 938 194 940 ·
226 922 424 969 templum
442 924 484 957 in
506 920 712 957 Britannia
725 919 861 965 habet,
876 919 982 965 quod
997 919 1104 956 hunc
1124 919 1279 955 barbari
1293 917 1429 956 colunt

226 995 270 1028 et
287 994 335 1027 ut
353 988 475 1026 deum
494 992 611 1024 orant
629 986 753 1032 μωροῦ
773 985 950 1024 εὐιλάτου
968 985 1153 1032 τυχεῖνῗ”

280 1055 464 1094 Tandem
485 1054 568 1092 Iovi
583 1057 695 1091 venit
713 1056 756 1090 in
774 1058 968 1099 mentem,
984 1055 1146 1099 privatis
1160 1055 1266 1089 intra
1280 1054 1427 1089 curiam

225 1123 472 1162 morantibus
493 1122 742 1159 senatoribus
762 1134 843 1157 non
862 1112 1008 1157 licere1
1029 1122 1275 1157 sententiam
1294 1119 1427 1156 dicere

226 1205 302 1230 nec
322 1191 536 1237 disputare.
570 1179 596 1197 “
609 1189 696 1234 Ego
709 1188 731 1202 ''
754 1190 885 1234 inquit
905 1178 931 1195 “
942 1201 979 1234 p.
998 1200 1030 1225 c.
1051 1189 1299 1232 interrogare
1318 1186 1428 1223 vobis

226 1261 495 1306 permiseram,
533 1269 601 1293 vos
639 1268 750 1292 mera
785 1254 955 1301 mapalia
998 1253 1160 1291 fecistis.
1235 1252 1336 1290 Volo
1381 1257 1428 1290 ut

226 1327 392 1363 servetis
430 1322 682 1369 disciplinam
716 1324 857 1359 curiae.
919 1321 1000 1357 Hic
1034 1320 1319 1367 qualiscunque
1352 1324 1428 1366 est,

225 1392 320 1439 quid
362 1391 414 1428 de
451 1391 566 1427 nobis
604 1389 872 1427 existimabit?
886 1388 908 1401 '’
968 1388 1044 1425 Illo
1081 1388 1242 1425 dimisso
1278 1390 1428 1434 primus

225 1463 497 1505 interrogatur
526 1459 770 1494 sententiam
801 1456 919 1492 Ianus
945 1460 1069 1502 pater.
1129 1454 1168 1492 Is
1194 1454 1426 1500 designatus

225 1531 312 1565 erat
330 1529 373 1563 in
392 1525 469 1562 kal.
494 1524 614 1561 Iulias
637 1523 970 1570 postmeridianus
996 1522 1146 1568 consul,
1165 1521 1284 1559 homo
1303 1534 1427 1567 quan-

224 1595 370 1631 tumvis
384 1591 507 1637 vafer,
523 1593 590 1636 qui
610 1603 768 1636 semper
781 1589 893 1626 videt
912 1587 988 1635 ἅμα
1006 1587 1163 1634 πρόσσω
1183 1587 1246 1625 καὶ
1265 1586 1424 1626 ὀπίσσω.

264 1706 277 1726 ¹
289 1705 514 1738 senatoribus
531 1715 602 1736 non
619 1705 739 1735 licere:
755 1703 872 1734 added
891 1702 933 1743 by
947 1701 1144 1734 Buecheler.

262 1821 274 1841 ²
289 1823 449 1854 Because
465 1821 557 1861 Juno
571 1830 647 1851 was
660 1822 696 1851 et
707 1829 802 1850 soror
814 1821 850 1850 et
862 1818 1030 1850 coniunx.

263 1890 276 1910 ²
290 1889 474 1930 Marriage
491 1888 575 1919 with
592 1898 615 1919 a
637 1886 836 1919 half-sister
850 1896 926 1917 was
949 1885 1101 1917 allowed
1122 1888 1162 1916 at
1184 1885 1346 1924 Athens3
1367 1885 1428 1918 the

222 1933 407 1975 Egyptian
426 1933 527 1974 royal
544 1931 667 1972 family
684 1929 839 1961 married
855 1929 1002 1960 brother
1017 1929 1093 1985 angl
1105 1929 1221 1960 sister.

262 1999 449 2032 ³Another
474 1998 627 2041 proverb
650 1997 691 2029 of
709 1996 892 2028 uncertain
917 1996 1110 2037 meaning;
1134 1995 1309 2037 probably
1333 1995 1428 2027 “be-

220 2054 328 2076 eause
356 2043 482 2084 people
509 2042 580 2073 like
603 2041 680 2073 nice
703 2040 827 2081 things
851 2043 889 2071 at
914 2039 1040 2078 Rome,
1066 2049 1108 2071 as
1131 2040 1216 2081 they
1240 2039 1285 2071 do
1306 2049 1427 2082 every·

219 2088 348 2120 where.
356 2086 375 2102 '’

332 2141 410 2174 388

1519 839 1534 922 ξ
