1500 2470
438 215 600 254 TITUS
634 215 945 254 PETRONIUS
974 215 1214 253 ARBITER

215 300 259 333 et
274 298 359 342 ipse
374 295 615 333 Trimalchio
631 296 839 343 capillatus
855 295 1074 334 caduceum
1088 296 1257 334 tenebat
1271 294 1422 332 Miner-

216 389 343 422 vaque
359 375 535 414 ducente
554 376 719 413 Romam
731 376 917 414 intrabat.
959 376 1070 413 Hinc
1085 373 1422 423 quemadmodum

215 458 440 492 ratiocinari
460 455 678 501 didicisset,
694 455 869 502 denique
884 455 1135 502 dispensator
1153 455 1282 493 faetus
1301 457 1421 499 esset,

215 538 348 573 omnia
385 535 604 582 diligenter
642 538 818 573 curiosus
856 538 986 582 pictor
1033 548 1123 573 cum
1161 537 1420 582 inscriptione

213 615 456 653 reddiderat.
517 615 566 652 In
595 615 809 653 deficiente
838 628 932 653 vero
961 618 1040 653 iam
1068 618 1223 662 porticu
1243 615 1419 653 levatum

213 701 352 734 mento
400 699 442 733 in
489 696 664 734 tribunal
713 695 915 734 excelsum
962 696 1184 733 Mercurius
1226 695 1417 742 rapiebat.

216 776 378 814 Praesto
398 781 484 814 erat
505 777 680 814 Fortuna
699 789 822 814 cornu
841 776 1063 814 abundanti
1082 778 1240 823 copiosa
1267 780 1310 813 et
1337 780 1419 812 tres

215 856 359 894 Parcae
372 869 492 894 aurea
504 869 628 903 pensa
640 861 886 903 torquentes.
915 856 1062 893 Notavi
1075 859 1196 893 etiam
1208 858 1251 892 in
1261 857 1418 902 porticu

212 948 379 982 gregem
394 948 597 973 cursorum
617 948 708 972 cum
727 938 918 981 magistro
937 948 980 972 se
1000 939 1267 972 exercentem.
1301 934 1417 971 Prae-

211 1021 323 1053 terea
337 1015 490 1062 grande
505 1018 716 1052 armarium
731 1018 773 1052 in
787 1015 934 1061 angulo
950 1015 1043 1061 vidi,
1056 1017 1098 1051 in
1113 1017 1223 1051 cuius
1237 1013 1416 1051 aedicula

212 1101 327 1133 erant
355 1095 475 1133 Lares
501 1098 684 1141 argentei
711 1098 830 1142 positi
857 1095 1104 1140 Venerisque
1131 1097 1289 1140 signum
1314 1106 1416 1131 mar-

211 1188 391 1212 moreum
420 1179 464 1212 et
491 1178 605 1221 pyxis
634 1187 753 1212 aurea
781 1187 862 1211 non
891 1174 1046 1220 pusilla,
1075 1177 1118 1211 in
1146 1186 1225 1220 quo
1253 1173 1415 1210 barbam

211 1258 332 1302 ipsius
353 1255 556 1293 conditam
577 1268 663 1292 esse
683 1255 883 1292 dicebant.

267 1334 523 1380 Interrogare
553 1347 648 1380 ergo
676 1337 892 1371 atriensem
923 1337 1049 1381 coepi,
1082 1347 1178 1380 quas
1209 1336 1250 1371 in
1281 1334 1414 1371 medio

157 1415 199 1451 H
212 1417 385 1462 picturas
405 1413 612 1451 haberent.
655 1404 815 1450 “Iliada
830 1418 872 1451 et
888 1413 1117 1460 Odyssian''
1135 1416 1265 1460 inquit
1297 1405 1302 1459 Ι
1335 1404 1413 1450 “ac

211 1493 397 1531 Laenatis
405 1493 686 1538 gladiatorium
693 1505 848 1530 munus.
854 1492 862 1504 ’
868 1492 876 1505 '
913 1492 1005 1530 Non
1013 1492 1160 1530 licebat
1167 1483 1412 1530 multaciam¹

209 1581 460 1619 considerare
481 1610 488 1618 .
512 1610 519 1618 .
544 1609 552 1618 .
576 1609 584 1618 .

116 1659 146 1702 Η
146 1661 179 1698 L
197 1665 246 1698 30
263 1661 345 1698 Nos
378 1652 383 1706 Ι
402 1663 479 1697 iam
494 1660 545 1697 ad
561 1660 778 1697 triclinium
790 1673 1108 1707 perveneramus,
1121 1662 1163 1696 in
1176 1662 1286 1697 cuius
1298 1664 1411 1706 parte

209 1743 335 1787 prima
358 1745 589 1786 procurator
611 1743 785 1777 rationes
808 1740 1039 1786 accipiebat.
1099 1739 1152 1777 Et
1171 1739 1278 1785 quod
1296 1752 1409 1786 prae-

208 1823 323 1866 cipue
349 1823 513 1856 miratus
542 1832 642 1865 sum,
671 1822 714 1856 in
742 1820 920 1866 postibus
949 1819 1111 1857 triclinii
1141 1819 1265 1857 fasces
1295 1824 1410 1857 erant

208 1913 298 1936 cum
318 1899 519 1936 securibus
540 1898 619 1944 fixi,
640 1911 807 1944 quorum
826 1912 946 1935 unam
969 1904 1124 1945 partem
1144 1902 1254 1945 quasi
1274 1899 1408 1936 embo-

206 1979 290 2016 lum
309 1981 418 2015 navis
438 1991 608 2015 aeneum
628 1978 804 2023 finiebat,
825 1981 866 2015 in
886 1992 964 2024 quo
985 1983 1071 2016 erat
1089 1981 1298 2024 scriptum:
1329 1969 1409 2018 “C.

290 2088 302 2108 ¹
317 2091 520 2122 multaciam
537 2093 698 2131 corrupt:
721 2090 914 2122 Buecheler
925 2094 1082 2134 suggests
1098 2092 1209 2123 multa
1226 2092 1307 2124 iam.

316 2154 367 2186 42
