1534 2470
167 468 202 507 L

142 760 191 793 85

440 167 602 207 TITUS
633 168 873 208 PETRONI
879 170 945 209 US
974 170 1214 209 ARBITER

219 253 374 295 curant,
393 248 495 286 nihil
514 248 655 287 volunt
673 251 781 287 inter
800 249 983 289 homines
1001 251 1144 290 melius
1164 251 1287 299 credi,
1302 266 1421 299 quam

219 303 327 350 quod
364 306 440 350 ipsi
477 309 633 342 tenent.
693 299 964 343 Insectantur1
1002 309 1151 353 itaque,
1185 321 1422 355 quacunque

220 362 374 397 ratione
413 364 592 406 possunt,
625 359 851 398 litterarum
885 366 1094 408 amatores,
1127 367 1175 400 ut
1211 362 1423 401 videantur

220 413 278 451 illi
298 427 456 477 quoque
475 414 579 451 infra
597 418 808 461 pecuniam
826 416 976 462 positi”
999 446 1007 453 .
1031 445 1039 454 .
1063 446 1071 454 .

281 460 285 515 Ι
320 460 485 507 ‘Nescio
504 483 583 517 quo
601 470 720 508 modo
740 471 868 508 bonae
887 475 1036 509 mentis
1054 485 1163 510 soror
1177 477 1239 510 est
1253 485 1421 520 pauper-

221 524 313 561 tas'’
336 553 344 562 .
368 553 377 562 .
400 554 408 562 .

278 570 303 587 “
314 579 482 626 Vellem,
519 585 603 618 tam
641 583 832 619 innocens
879 586 986 619 esset
1031 581 1271 628 frugalitatis
1306 596 1420 621 meae

222 637 359 684 hostis,
389 643 436 676 ut
463 638 622 676 deliniri
650 644 795 685 posset.
854 639 972 677 Nunc
991 645 1203 678 veteranus
1231 645 1294 679 est
1320 641 1422 678 latro

223 702 266 734 et
285 699 379 743 ipsis
397 697 608 735 lenonibus
627 697 812 735 doctior''
835 727 842 735 .
867 727 874 735 .
898 728 906 736 .

278 746 304 762 “
314 755 362 792 In
375 755 512 793 Asiam
524 769 615 793 cum
627 769 650 792 a
663 761 872 802 quaestore
885 770 1014 794 essem
1027 757 1227 804 stipendio
1240 758 1423 805 eductus,

223 817 440 861 nospitium
463 814 646 860 Pergami
674 818 820 860 accepi.
883 815 962 852 Ubi
991 828 1082 852 cum
1110 816 1285 854 libenter
1311 815 1423 853 habi-

224 876 353 910 tarem
386 886 468 910 non
501 873 629 910 solum
662 878 826 919 propter
859 873 1012 911 cultum
1041 874 1322 920 aedicularum,
1353 874 1423 912 sed

225 939 347 972 etiam
359 936 524 978 propter
535 931 702 978 hospitis
715 931 1039 969 formosissimum
1052 932 1188 978 filium,
1202 935 1423 979 excogitavi

224 991 435 1033 rationem,
468 1000 547 1033 qua
583 999 664 1023 non
703 1000 831 1024 essem
869 990 972 1033 patri
1006 987 1178 1025 familiae
1215 993 1422 1034 suspectus

226 1052 388 1085 amator.
459 1044 787 1092 Quotiescunque
822 1048 929 1083 enim
966 1048 1008 1082 in
1046 1048 1224 1083 convivio
1262 1046 1313 1084 de
1350 1059 1422 1084 usu

227 1107 487 1144 formosorum
520 1106 674 1141 mentio
703 1104 809 1141 facta
841 1109 916 1150 est,
945 1109 1029 1141 tam
1062 1104 1325 1142 vehementer
1355 1118 1422 1142 ex-

227 1164 385 1210 candui,
400 1169 484 1201 tam
502 1176 640 1200 severa
657 1165 821 1200 tristitia
839 1162 974 1199 violari
993 1176 1107 1200 aures
1125 1176 1234 1200 meas
1253 1164 1424 1200 obsceno

229 1235 411 1262 sermone
425 1222 549 1268 nolui,
564 1226 610 1258 ut
628 1234 694 1259 me
713 1226 842 1259 mater
861 1224 1073 1268 praecipue
1091 1226 1281 1268 tanquam
1299 1235 1421 1259 unum

229 1296 279 1322 ex
290 1281 536 1329 philosophis
547 1283 782 1318 intueretur.
815 1279 900 1317 Iam
916 1293 991 1326 ego
1003 1293 1210 1327 coeperam
1224 1280 1424 1327 ephebum

228 1345 271 1379 in
289 1342 540 1387 gymnasium
559 1339 773 1385 deducere,
792 1351 868 1385 ego
887 1338 1018 1376 studia
1038 1341 1121 1376 eius
1140 1338 1334 1384 ordinare,
1350 1351 1426 1384 ego

229 1401 373 1438 docere
401 1412 447 1436 ac
476 1401 719 1444 praecipere,
738 1410 790 1435 ne
817 1400 904 1443 quis
929 1397 1140 1443 praedator
1163 1399 1334 1443 corporis
1356 1396 1425 1434 ad-

228 1462 459 1497 mitteretur
477 1460 519 1494 in
538 1456 701 1493 domum
721 1485 730 1493 .
753 1484 761 1493 .
784 1484 793 1493 .

285 1514 404 1550 Forte
420 1525 511 1549 cum
525 1514 567 1548 in
586 1511 758 1549 triclinio
778 1513 1008 1556 iaceremus,
1022 1513 1115 1556 quia
1125 1510 1211 1547 dies
1223 1509 1425 1548 sollemnis

227 1569 368 1606 ludum
401 1571 599 1604 artaverat
631 1568 912 1612 pigritiamque
940 1565 1156 1602 recedendi
1183 1567 1425 1611 imposuerat

227 1624 405 1662 hilaritas
431 1622 599 1667 longior,
626 1621 711 1658 fere
737 1623 840 1657 circa
864 1620 1037 1657 mediam
1059 1625 1220 1657 noctem
1243 1619 1424 1657 intellexi

227 1691 396 1726 puerum
415 1677 589 1723 vigilare.
641 1675 782 1721 Itaque
800 1675 1050 1712 timidissimo
1068 1687 1269 1712 murmure
1287 1679 1423 1712 votum

227 1735 306 1772 feci
327 1739 369 1770 et
389 1723 587 1770 ‘domina'
609 1734 771 1777 inquam
793 1721 960 1776 ‘Venus,
981 1732 1013 1767 si
1032 1742 1107 1775 ego
1127 1729 1233 1766 hunc
1255 1742 1423 1775 puerum

227 1790 442 1833 basiavero,
462 1790 519 1824 ita
538 1791 584 1823 ut
603 1786 671 1823 ille
691 1798 772 1822 non
798 1788 959 1830 sentiat,
979 1797 1062 1822 cras
1090 1784 1148 1821 illi
1176 1797 1247 1830 par
1275 1784 1422 1821 colum-

227 1845 366 1882 barum
395 1841 577 1879 donabo?
635 1840 787 1877 Audito
806 1840 1021 1886 voluptatis
1049 1842 1178 1885 pretio
1201 1851 1300 1885 puer
1322 1843 1422 1876 ster-

225 1905 313 1937 tere
351 1900 494 1943 coepit.
555 1895 696 1941 Itaque
735 1907 943 1940 aggressus
981 1894 1235 1931 simulantem
1272 1893 1422 1939 aliquot

225 1953 382 1992 basiolis
402 1953 537 1989 invasi.
597 1950 820 1987 Contentus
844 1949 919 1986 hoc
948 1951 1141 1995 principio
1171 1949 1275 1986 bene
1305 1960 1422 1985 mane

225 2011 375 2048 surrexi
396 2007 651 2052 electumque
670 2017 741 2051 par
761 2004 1032 2041 columbarum
1051 2003 1168 2041 attuli
1192 2005 1420 2049 expectanti

483 2077 491 2096 ¹
505 2077 726 2110 insectantur
741 2076 933 2108 Buecheler
943 2086 957 2107 .·
973 2076 1160 2107 iactantur.

340 2138 412 2178 168
