1534 2470
142 888 215 922 140

466 194 627 234 TITUS
658 195 970 235 PETRONIUS
998 195 1238 235 ARBITER

271 274 492 313 Nondum
506 274 726 321 querellam
741 274 932 321 finieram,
948 288 1040 313 cum
1055 275 1214 339 Chrysis
1227 278 1447 315 intervenit

244 330 511 394 amplexuque
548 329 780 368 effusissimo
817 343 882 368 me
914 333 1060 368 invasit
1091 335 1134 369 et
1168 321 1338 369 “Teneo
1368 331 1444 370 te''

244 388 376 432 inquit
396 376 589 432 “qualem
607 397 877 432 speraveram:
903 390 949 423 tu
972 385 1215 424 desiderium
1232 399 1380 433 meum,
1398 391 1446 424 tu

244 441 427 488 voluptas
449 454 551 487 mea,
578 453 783 487 nunquam
805 440 919 478 finies
941 440 1050 478 hune
1075 443 1224 488 ignem,
1252 444 1329 479 nisi
1356 454 1446 480 san-

243 499 367 544 guine
387 495 655 534 exstinxeris''
679 524 687 532 .
711 524 718 533 .
743 523 751 533 .

301 552 416 590 Unus
447 564 497 589 ex
526 553 691 588 noviciis
719 550 884 588 servulis
914 551 1046 589 subito
1075 554 1246 594 accurrit
1271 556 1315 590 et
1346 550 1445 590 mihi

244 607 453 646 dominum
471 608 726 644 iratissimum
745 618 832 643 esse
850 606 1070 653 affirmavit,
1090 606 1196 653 quod
1222 606 1344 644 biduo
1366 609 1445 644 iam

244 663 370 700 officio
390 661 616 699 defuissem.
653 661 778 698 Recte
798 674 894 707 ergo
913 674 979 698 me
999 660 1210 708 facturum,
1231 664 1264 699 si
1283 674 1445 699 excusa-

218 720 398 756 tionem
430 716 604 763 aliquam
641 716 827 754 idoneam
864 729 1170 763 praeparassem.
1229 717 1306 754 Vix
1337 719 1444 754 enim

244 786 359 820 posse
392 772 489 818 fieri,
520 776 567 809 ut
598 771 727 809 rabies
759 773 965 809 irascentis
997 774 1083 810 sine
1115 772 1282 810 verbere
1318 774 1445 810 consi-

243 828 359 866 deret
378 856 387 865 .
410 856 418 864 .
441 856 450 865 .

302 883 488 920 Matrona
514 884 621 919 inter
649 884 794 928 primas
823 881 1004 928 honesta,
1027 881 1247 919 Philomela
1269 884 1444 928 nomine,

244 951 346 986 quae
360 937 506 975 multas
521 950 639 983 saepe
654 936 900 974 hereditates
915 937 1040 974 officio
1054 939 1197 974 aetatis
1211 941 1444 982 extorserat,

244 999 332 1032 tum
351 1006 449 1031 anus
469 997 512 1030 et
530 992 634 1030 floris
654 994 855 1038 exstincti,
875 991 999 1028 filium
1018 991 1216 1038 filiamque
1235 992 1446 1038 ingerebat

244 1050 349 1087 orbis
375 1048 549 1094 senibus,
570 1052 613 1085 et
638 1060 710 1094 per
735 1046 839 1084 hanc
863 1049 1155 1084 successionem
1179 1051 1308 1084 artem
1332 1059 1444 1085 suam

243 1104 524 1152 perseverabat
542 1102 773 1140 extendere.
812 1101 871 1139 Ea
889 1115 985 1148 ergo
1003 1101 1055 1139 ad
1074 1101 1315 1148 Eumolpum
1332 1104 1445 1140 venit

244 1165 287 1198 et
313 1158 593 1197 commendare
618 1157 764 1195 liberos
792 1170 882 1194 suos
911 1160 995 1194 eius
1022 1156 1260 1203 prudentiae
1288 1157 1443 1195 bonita-

245 1217 355 1261 tique
376 1243 384 1251 .
408 1243 416 1250 .
439 1243 447 1250 .
471 1213 635 1250 credere
654 1225 696 1250 se
717 1217 760 1250 et
779 1217 871 1249 vota
886 1225 965 1249 sua.
1025 1211 1144 1249 Illum
1159 1224 1246 1250 esse
1260 1211 1387 1249 solum
1401 1214 1444 1249 in
1487 1254 1490 1256 v

243 1275 331 1308 toto
359 1269 454 1307 orbe
482 1273 691 1313 terrarum,
721 1269 789 1313 qui
817 1268 1040 1314 praeceptis
1069 1269 1192 1304 etiam
1223 1266 1444 1305 salubribus

243 1322 441 1363 instruere
455 1326 619 1361 iuvenes
635 1322 813 1369 quotidie
828 1326 972 1368 posset.
1022 1321 1088 1359 Ad
1103 1334 1308 1368 summam,
1323 1321 1443 1359 relin-

244 1393 367 1427 quere
386 1393 429 1417 se
449 1391 592 1426 pueros
611 1380 653 1414 in
672 1377 790 1415 domo
810 1376 1008 1423 Eumolpi,
1023 1381 1070 1414 ut
1083 1376 1197 1413 illum
1210 1376 1443 1423 loquentem

243 1435 430 1473 audirent
449 1463 457 1471 .
480 1463 488 1471 .
512 1463 520 1471 .
543 1446 645 1479 quae
664 1432 746 1470 sola
760 1436 895 1479 posset
908 1431 1110 1469 hereditas
1123 1432 1331 1469 iuvenibus
1345 1431 1440 1469 dari.

244 1491 331 1528 Nec
338 1490 455 1527 aliter
466 1489 565 1526 fecit
576 1501 621 1525 ac
634 1487 801 1533 dixerat,
810 1487 1008 1533 filiamque
1017 1489 1341 1532 speciosissimam
1352 1499 1444 1524 cum

243 1546 366 1583 fratre
376 1544 532 1591 ephebo
540 1546 582 1580 in
590 1542 771 1580 cubiculo
783 1542 945 1588 reliquit
956 1541 1233 1588 simulavitque
1241 1554 1283 1579 se
1290 1544 1443 1579 intem-

243 1601 355 1648 plum
366 1603 425 1637 ire
439 1599 490 1636 ad
504 1603 596 1636 vota
610 1597 886 1644 nuncupanda.
918 1596 1149 1643 Eumolpus,
1161 1598 1229 1642 qui
1240 1601 1324 1633 tam
1337 1595 1444 1642 frugi

244 1661 331 1694 erat
344 1660 391 1693 ut
405 1654 464 1692 illi
479 1657 602 1691 etiam
616 1666 691 1699 ego
706 1665 805 1699 puer
819 1652 987 1698 viderer,
1003 1664 1084 1688 non
1099 1651 1255 1689 distulit
1268 1651 1444 1697 puellam

245 1714 412 1748 invitare
431 1709 483 1747 ad
502 1699 710 1756 pigiciacal
725 1720 843 1745 sacra.
876 1706 956 1745 Sed
971 1711 1014 1744 et
1027 1705 1285 1752 podagricum
1298 1719 1341 1744 se
1356 1718 1442 1744 esse

243 1766 547 1810 lumborumque
577 1763 795 1801 solutorum
823 1762 1006 1799 omnibus
1034 1761 1201 1806 dixerat,
1231 1765 1274 1798 et
1300 1763 1334 1798 si
1360 1773 1442 1798 non

244 1825 439 1860 servasset
457 1822 656 1865 integram
675 1817 980 1862 simulationem,
1000 1815 1298 1862 periclitabatur
1314 1820 1442 1853 totam

243 1889 372 1923 paene
419 1873 667 1920 tragoediam
714 1877 906 1910 evertere.
970 1870 1112 1917 Itaque
1153 1875 1200 1908 ut
1242 1874 1443 1907 constaret

243 1931 452 1969 mendacio
481 1929 591 1974 fides,
618 1927 793 1974 puellam
822 1926 984 1972 quidem
1010 1928 1198 1971 exoravit,
1218 1930 1264 1962 ut
1282 1924 1444 1962 sederet

243 1999 362 2033 super
382 1983 702 2022 commendatam
727 1983 962 2026 bonitatem,
990 1981 1125 2017 Coraci
1153 1985 1290 2017 autem
1316 1982 1442 2026 impe-

243 2044 356 2087 ravit,
372 2045 418 2078 ut
437 2039 600 2084 lectum,
616 2040 658 2075 in
673 2050 751 2084 quo
770 2039 854 2083 ipse
874 2036 1041 2081 iacebat,
1057 2035 1208 2073 subiret
1225 2037 1441 2081 positisque

574 2098 587 2118 ¹
597 2100 795 2143 pugesiaca
811 2099 952 2138 maoein
966 2098 1011 2140 os
1016 2098 1055 2130 L.

354 2153 432 2193 316
