1534 2470
448 168 610 208 TITUS
641 170 953 209 PETRONIUS
982 170 1222 209 ARBITER

224 250 403 294 quisquis
449 251 644 295 attigerit,
683 252 760 287 nisi
807 249 950 297 plenus
997 250 1157 297 litteris,
1195 251 1269 289 sub
1305 262 1427 289 onere

225 306 393 343 labetur.
454 307 547 345 Non
573 311 683 345 enim
708 321 771 346 res
797 313 936 354 gestae
962 310 1141 347 versibus
1168 308 1428 355 comprehen-

226 364 383 402 dendae
403 370 509 412 sunt,
530 366 637 412 quod
662 366 783 412 longe
802 366 945 404 melius
970 366 1148 404 historici
1172 367 1338 413 faciunt,
1357 366 1428 405 sed

226 436 298 469 per
334 424 523 470 ambages
561 424 807 471 deorumque
853 427 1074 463 ministeria
1121 430 1164 463 et
1205 425 1427 463 fabulosum

225 485 516 520 sententiarum
554 488 801 521 tormentum
847 484 1170 530 praecipitandus
1217 489 1280 522 est
1324 483 1427 521 liber

225 543 399 587 spiritus,
427 547 474 579 ut
502 544 634 588 potius
660 542 829 579 furentis
848 545 970 579 animi
990 545 1219 580 vaticinatio
1237 547 1428 589 appareat

225 613 344 646 quam
366 600 574 646 religiosae
598 603 785 638 orationis
805 602 878 638 sub
897 601 1068 639 testibus
1091 601 1209 639 fides:
1235 606 1425 648 tanquam

225 660 258 695 si
270 658 403 705 placet
417 658 482 696 hic
497 662 685 706 impetus,
701 662 822 697 etiam
837 662 869 697 si
883 660 1063 697 nondum
1077 662 1231 707 recepit
1244 658 1426 697 ultimam

224 718 419 754 manum''
441 746 449 755 .
474 747 482 756 .
505 747 513 755 .

120 778 196 818 119
281 766 468 814 “Orbem
486 779 566 813 iam
584 781 715 814 totum
735 778 860 813 victor
882 776 1080 814 Romanus
1099 775 1286 823 habebat,

225 848 303 881 qua
321 848 444 881 mare,
464 848 541 881 qua
560 840 704 881 terrae,
724 849 801 881 qua
821 835 928 872 sidus
948 837 1072 873 currit
1089 840 1313 882 utrumque.

226 894 312 931 Nec
332 896 497 931 satiatus
517 899 612 931 erat.
674 894 855 931 Gravidis
875 893 979 931 freta
996 893 1110 940 pulsa
1128 896 1270 931 carinis

226 955 305 989 iam
325 953 640 998 peragebantur3
661 955 693 990 si
712 955 799 998 quis
819 955 926 990 sinus
946 952 1105 989 abditus
1124 952 1241 998 ultra,

225 1013 258 1048 si
278 1024 355 1057 qua
374 1010 479 1048 foret
498 1011 630 1057 tellus,
651 1024 753 1057 quae
773 1010 926 1048 fulvum
944 1013 1127 1048 mitteret
1145 1023 1298 1057 aurum,

226 1069 351 1107 hostis
371 1074 469 1115 erat,
490 1069 661 1115 fatisque
681 1072 723 1106 in
742 1072 872 1107 tristia
891 1069 996 1106 bella
1015 1071 1161 1115 paratis

225 1129 520 1174 quaerebantur
539 1141 644 1174 opes.
687 1129 778 1165 Non
798 1128 917 1173 vulgo
936 1133 1032 1165 nota
1049 1127 1263 1174 placebant

225 1187 383 1232 gaudia,
403 1200 485 1223 non
504 1200 577 1224 usu
596 1187 755 1233 plebeio
774 1189 870 1223 trita
889 1186 1080 1232 voluptas.

226 1245 308 1283 Aes
328 1237 638 1291 Ephyreiacum¹
657 1245 845 1282 laudabat
864 1244 978 1282 miles
997 1247 1039 1281 in
1058 1244 1185 1287 unda;

226 1307 428 1350 quaesitus
448 1303 594 1341 tellure
613 1306 720 1341 nitor
739 1308 961 1340 certaverat
980 1308 1107 1347 ostro;
1375 1306 1424 1340 10

226 1362 320 1400 hinc
341 1362 539 1400 Numidae
559 1354 778 1407 accusant,2
797 1362 907 1398 illinc
926 1374 1028 1398 nova
1046 1361 1194 1398 vellera
1213 1360 1342 1407 Seres,

226 1425 348 1466 atque
368 1421 546 1458 Arabum
565 1420 734 1467 populus
754 1433 824 1457 sua
842 1419 1132 1466 despoliaverat
1151 1432 1252 1456 arva.

228 1476 332 1513 Ecce
352 1476 452 1513 aliae
473 1476 606 1513 clades
627 1481 669 1513 et
688 1475 818 1512 laesae
838 1474 1002 1511 vulnera
1020 1476 1137 1520 pacis.

228 1530 444 1577 Quaeritur
462 1533 504 1567 in
523 1531 630 1568 silvis
649 1543 743 1567 auro
762 1530 858 1575 fera,
880 1534 922 1567 et
939 1529 1103 1566 ultimus
1124 1528 1327 1565 Hammon

227 1586 415 1623 Afrorum
436 1588 649 1631 excutitur,
669 1598 721 1622 ne
741 1585 846 1622 desit
865 1584 982 1621 belua
1001 1583 1125 1621 dente

226 1641 278 1678 ad
297 1645 445 1678 mortes
465 1643 657 1687 pretiosa3
678 1640 802 1677 fames
822 1642 969 1686 premit
988 1638 1141 1676 advena
1159 1638 1315 1683 classes,

228 1698 341 1742 tigris
362 1700 404 1733 et
423 1700 560 1732 aurata
578 1695 764 1741 gradiens
784 1699 965 1731 vectatur
983 1696 1026 1730 in
1044 1693 1146 1739 aula,

229 1756 274 1787 ut
293 1751 404 1787 bibat
423 1750 643 1787 humanum
664 1749 809 1796 populo
829 1748 1047 1795 plaudente
1068 1760 1257 1784 cruorem.

229 1806 338 1851 Heu,
358 1805 486 1851 pudet
506 1805 614 1842 effari
634 1807 889 1851 perituraque
909 1803 1077 1850 prodere
1098 1802 1193 1847 fata,

229 1860 436 1898 Persarum
451 1863 530 1897 ritu
550 1859 653 1897 male
674 1859 984 1906 pubescentibus
1003 1860 1116 1895 annis
1373 1859 1423 1892 20

270 1938 364 1972 1Αεε
384 1939 644 1981 Ephyreiacum
665 1939 862 1970 Heinsius:
887 1947 950 1968 aes
974 1946 1163 1979 epyrecum
1186 1935 1262 1966 and
1281 1934 1338 1966 the
1360 1934 1427 1966 like

230 1987 316 2015 most
328 1983 430 2014 MSS.
437 1993 451 2015 .·
472 1983 588 2026 spolia
600 1983 691 2013 Tum
708 1981 801 2022 (cum
816 1980 886 2022 Dr)
902 1980 1029 2012 Senius
1044 1979 1136 2011 codd.
1156 1978 1379 2010 Monacensis
1393 1979 1426 2008 et

230 2026 444 2059 Dresdensis.

274 2069 465 2101 ²aecuaant
481 2069 532 2099 L:
554 2067 759 2099 accusatius
777 2066 816 2099 O.

342 2121 419 2154 252
