1534 2470
160 682 232 715 108

484 198 646 237 TITUS
677 199 989 239 PETRONIUS
1018 201 1258 238 ARBITER.

261 280 363 315 tium
395 279 627 317 noverant.”
686 271 711 287 ‘⁶
725 279 834 327 Quid
847 280 869 293 '²
909 284 1041 327 inquit
1079 281 1222 319 Lichas
1260 272 1286 289 “
1300 284 1467 319 attinuit

261 344 459 391 supplices
478 345 636 383 radere?
663 347 750 383 Nisi
770 346 873 384 forte
892 347 1196 385 miserabiliores
1216 347 1316 385 calvi
1335 347 1466 385 solent

262 423 359 448 esse.
419 411 670 459 Quamquam
697 413 792 459 quid
818 416 967 451 attinet
998 417 1210 452 veritatem
1240 427 1312 460 per
1341 416 1465 451 inter-

261 482 418 524 pretem
438 480 647 525 quaerere?
667 479 764 526 quid
783 480 881 518 dicis
895 485 955 526 tu,
970 476 1089 518 latro?
1105 493 1207 527 quae
1219 479 1466 518 salamandra

261 545 471 591 supercilia
496 551 566 583 tua
597 547 764 584 exussit?
792 550 855 584 cui
882 546 959 584 deo
975 550 1138 585 ‘crinem
1152 541 1322 585 'vovistst
1349 546 1467 594 phar·

262 624 388 658 mace,
407 612 645 659 responde.”

319 679 616 725 Obstupueram
643 693 718 726 ego
742 679 924 726 supplicii
948 685 1060 717 metu
1077 679 1255 727 pavidus,
1274 693 1350 717 nec
1370 677 1465 726 quid

263 747 304 781 in
324 758 366 782 re
381 746 701 783 manifestissima
717 746 905 792 dicerem,
920 746 1173 784 inveniebam
1188 746 1370 783 turbatus
1391 775 1399 783 .
1423 774 1432 782 .
1454 773 1463 782 .

264 817 307 850 et
344 812 533 850 deformis
569 818 729 859 praeter
766 813 923 859 spoliati
956 815 1096 859 capitis
1126 812 1301 850 dedecus
1330 824 1467 858 super-

264 879 443 916 ciliorum
463 882 584 916 etiam
603 879 778 925 aequalis
795 882 893 916 ‘cum
919 879 1052 916 fronte
1079 878 1269 924 calvities,
1295 883 1341 916 ut
1365 877 1466 915 nihil

263 959 339 983 nec
358 946 489 983 facere
509 946 673 983 deceret
692 959 768 983 nec
792 946 935 983 dicere.
998 946 1056 983 Ut
1078 958 1173 982 vero
1198 947 1364 991 spongia
1388 944 1468 981 uda

263 1009 384 1046 facies
404 1009 595 1055 plorantis
614 1008 773 1046 detersa
797 1014 858 1046 est
885 1013 928 1046 et
953 1007 1212 1054 liquefactum
1238 1021 1310 1054 per
1334 1013 1467 1045 totum

264 1085 307 1110 os
339 1077 607 1108 atramentum
641 1074 773 1109 omnia
805 1071 958 1108 scilicet
993 1071 1237 1108 lineamenta
1275 1070 1467 1117 fuliginea

264 1136 370 1172 nube
409 1134 603 1180 confudit,
637 1137 679 1171 in
717 1134 852 1171 odium
890 1147 932 1172 se
970 1136 1027 1171 ira
1065 1137 1271 1171 convertit.
1332 1133 1466 1180 Negat

265 1198 482 1244 Eumolpus
505 1211 710 1244 passurum
737 1210 792 1243 se,
812 1202 858 1234 ut
881 1200 1088 1243 quisquam
1111 1200 1307 1243 ingenuos
1329 1201 1467 1234 contra

265 1261 322 1299 fas
342 1261 555 1308 legemque
582 1263 841 1307 contaminet,
868 1260 1179 1306 interpellatque
1203 1262 1466 1298 saevientium

265 1327 390 1362 minas
416 1337 497 1361 non
529 1324 656 1361 solum
687 1337 782 1361 voce
815 1323 885 1361 sed
912 1326 1034 1360 etiam
1062 1323 1254 1360 manibus.
1313 1322 1467 1360 Aderat

265 1387 538 1434 interpellanti
557 1389 852 1424 mercennarius
872 1399 1003 1423 comes
1024 1391 1066 1423 et
1085 1399 1186 1423 unus
1205 1386 1386 1432 alterque
1405 1388 1464 1422 in-

266 1451 507 1488 firmissimus
541 1455 688 1496 vector,
727 1450 870 1487 solacia
906 1454 1032 1495 magis
1062 1449 1143 1486 litis
1173 1462 1292 1495 quam
1324 1451 1465 1486 virium

265 1514 419 1551 auxilia.
479 1514 565 1550 Nec
579 1516 789 1559 quicquam
802 1514 880 1558 ¹pro
899 1525 964 1549 me
980 1512 1234 1558 deprecabar,
1247 1511 1318 1549 sed
1332 1514 1464 1548 inten-

265 1583 354 1615 tans
373 1579 414 1613 in
434 1576 567 1613 oculos
587 1576 848 1622 Tryphaenae
875 1588 1016 1612 manus
1039 1588 1201 1612 usurum
1226 1587 1292 1611 me
1317 1575 1464 1611 viribus

266 1643 364 1677 meis
401 1640 506 1677 clara
537 1639 740 1684 liberaque
774 1651 870 1675 voce
904 1638 1080 1683 clamavi,
1115 1640 1157 1674 ni
1189 1638 1410 1674 abstineret
1441 1651 1465 1673 a

267 1704 415 1741 Gitone
446 1705 628 1739 iniuriam
659 1702 802 1738 mulier
828 1701 1015 1738 damnata
1046 1705 1090 1738 et
1118 1703 1161 1736 in
1190 1705 1278 1737 toto
1307 1702 1465 1746 navigio

266 1766 349 1804 sola
384 1764 638 1802 verberanda.
717 1763 963 1801 Accenditur
1000 1763 1163 1800 audacia
1199 1775 1290 1800 mea
1330 1765 1464 1799 iratior

267 1829 422 1873 Lichas,
455 1828 764 1873 indignaturque
803 1827 910 1872 quod
944 1839 1019 1872 ego
1051 1826 1191 1863 relicta
1223 1839 1312 1862 mea
1350 1838 1465 1862 causa

267 1897 424 1930 tantum
450 1903 520 1937 pro
546 1890 623 1926 alio
647 1890 782 1926 clamo.
844 1890 929 1926 Nec
955 1891 1086 1926 minus
1112 1888 1349 1934 Tryphaena
1372 1900 1463 1924 con-

266 1954 430 1993 tumelia
449 1956 574 1990 saevit
587 1965 752 1990 accensa
764 1955 965 1998 totiusque
978 1953 1125 1998 navigii
1139 1951 1297 1988 turbam
1311 1950 1464 1987 diducit

266 2021 308 2055 in
326 2022 468 2064 partes.
531 2017 639 2052 Hinc
658 2017 955 2052 mercennarius
978 2003 1117 2051 tonsor'
1134 2014 1376 2051 ferramenta
1394 2026 1463 2050 sua

266 2082 378 2119 nobis
411 2085 454 2117 et
486 2082 571 2125 ipse
603 2083 776 2116 armatus
809 2078 1024 2123 distribuit,
1057 2077 1166 2115 illinc
1200 2076 1460 2122 Tryphaenae

377 2147 455 2181 220
