1534 2470
468 201 669 240 LUCIUS
700 201 966 240 ANNAEUS
996 201 1209 240 SENECA

235 293 329 319 suae
348 294 430 318 non
449 286 512 319 est
531 285 574 318 et
592 284 711 318 timet
730 280 854 327 μωροῦ
871 280 1041 328 πληγήν.
1077 281 1265 319 Claudius
1279 285 1326 319 ut
1338 281 1440 320 vidit

235 339 363 374 virum
382 336 598 382 valentem,
618 336 765 373 oblitus
791 349 988 382 nugarum
1013 336 1217 374 intellexit
1234 339 1437 375 neminem

237 391 385 429 Romae
405 392 480 429 sibi
499 404 636 438 parem
655 391 790 437 fuisse,
811 391 893 428 illic
908 404 991 428 non
1005 391 1154 429 habere
1170 404 1213 429 se
1227 391 1336 430 idem
1349 404 1438 438 gra-

235 449 335 484 tiae:
350 446 525 492 gallum'
515 460 558 483 111
572 459 643 484 suo
658 446 893 493 sterquilino
913 446 1129 493 plurimum
1147 459 1273 494 posse.
1296 446 1438 494 Itaque

235 507 430 548 quantum
449 501 635 547 intellegi
654 504 800 548 potuit,
816 501 916 539 haec
935 504 1040 539 visus
1061 506 1123 539 est
1141 501 1296 540 dicere:
1317 493 1438 549 “Ego

235 562 290 603 te,
306 557 519 594 fortissime
535 557 702 594 deorum
718 556 911 602 Hercule,
926 559 1081 603 speravi
1092 556 1191 595 mihi
1206 557 1436 595 adfuturum

235 612 342 659 apud
369 612 480 658 alios,
510 617 553 649 et
581 614 614 649 si
643 614 711 658 qui
740 625 763 648 a
794 624 861 649 me
891 616 1076 649 notorem
1098 615 1280 659 petisset,
1306 617 1349 650 te
1377 612 1436 650 fui

235 670 523 713 nominaturus,
543 669 612 713 qui
637 679 703 704 me
722 669 874 713 optime
894 669 1010 704 nosti.
1070 666 1176 704 Nam
1194 670 1228 705 si
1246 670 1436 705 memoria

234 725 397 769 repetis,
424 735 500 769 ego
532 735 641 760 eram
667 724 736 768 qui
762 715 859 759 tibi¹
891 726 987 759 ante
1006 722 1203 768 templum
1233 727 1349 760 tuum
1374 725 1435 760 ius

234 777 418 815 dicebam
437 779 533 815 totis
554 777 695 814 diebus
714 789 854 814 mense
875 776 976 814 Iulio
996 781 1040 814 et
1053 777 1248 823 Augusto.
1270 777 1331 815 Tu
1346 780 1435 824 scis,

234 837 429 879 quantum
441 832 523 869 illic
537 834 784 869 miseriarum
800 831 975 878 tulerim,
991 845 1083 869 cum
1097 833 1312 870 causidicos
1323 832 1434 870 audi-

234 901 319 925 rem
338 887 447 925 diem
467 892 510 924 et
528 892 702 932 noctem,
722 889 764 923 in
784 899 882 932 quos
902 889 935 924 si
953 887 1171 933 incidisses,
1191 887 1307 925 valde
1321 887 1434 926 fortis

234 942 330 980 licet
354 943 430 980 tibi
455 942 638 988 videaris,
659 941 865 979 maluisses
886 941 1038 979 cloacas
1058 942 1224 988 Augeae
1243 955 1433 989 purgare.

233 997 361 1035 multo
380 997 469 1044 plus
494 1010 570 1043 ego
596 999 780 1034 stercoris
800 996 973 1034 exhausi.
1006 996 1088 1035 Sed
1105 1000 1292 1043 quoniam
1310 997 1432 1035 volo”

235 1043 362 1090 “Non
387 1055 533 1090 mirum
557 1052 663 1098 quod
689 1055 731 1088 in
757 1055 906 1088 curiam
931 1054 1128 1098 impetum
1154 1051 1304 1090 fecisti.
1332 1052 1432 1090 nihil

234 1108 309 1145 tibi
329 1108 451 1145 clausi
471 1113 543 1145 est.
603 1107 726 1144 Modo
751 1106 816 1144 die
842 1107 969 1152 nobis,
989 1106 1148 1152 qualem
1173 1107 1294 1145 deum
1312 1110 1433 1145 istum

233 1162 318 1200 fieri
351 1163 461 1200 velis.
523 1161 784 1207 Ἐπικούρειος
817 1161 896 1201 θεὸς
926 1174 1008 1199 11011
1040 1166 1176 1208 potest
1208 1175 1314 1200 esse·
1350 1161 1434 1200 οὔτε

234 1216 344 1258 αὐτὸς
376 1217 534 1263 πρᾶγμα
567 1217 646 1280 ἔχει
679 1232 718 1254 τι
752 1215 836 1254 οὔτε
868 1215 1007 1257 ἄλλοις
1038 1215 1214 1264 παρέχει;
1252 1217 1432 1255 Stoicus?

233 1272 444 1319 Quomodo
469 1277 605 1319 potest
624 1263 866 1309 ‘ro'tundus
896 1284 996 1317 esse,
1022 1276 1069 1308 ut
1092 1274 1149 1308 ait
1168 1263 1336 1318 Varro,‘
1347 1275 1434 1310 sine

233 1331 377 1374 capite,
397 1330 483 1365 sine
502 1326 734 1374 praeputio’
751 1327 766 1363 ?
823 1326 896 1364 Est
915 1326 1065 1372 aliquid
1084 1329 1125 1363 in
1138 1326 1206 1364 illo
1219 1326 1342 1365 Stoici
1353 1327 1432 1373 dei,

231 1386 311 1421 iam
330 1383 471 1420 video:
500 1395 576 1420 nec
597 1395 663 1419 cor
681 1394 758 1419 nec
778 1386 898 1427 caput
923 1381 1056 1418 habet.
1116 1381 1158 1419 Si
1183 1381 1432 1420 mehercules

231 1451 255 1475 a
274 1438 446 1476 Saturno
465 1440 635 1484 petisset
653 1437 729 1474 hoc
748 1436 1000 1482 beneficium,
1020 1439 1130 1474 cuius
1148 1449 1328 1474 mensem
1346 1441 1433 1474 toto

231 1506 337 1530 anno
367 1493 597 1538 celebravit,
629 1491 915 1530 Saturnalicius
944 1494 1143 1538 princeps,
1168 1504 1250 1529 non
1274 1491 1433 1530 tulisset

232 1548 344 1594 illud,
364 1548 516 1585 nedum
541 1548 592 1584 ab
619 1547 727 1593 Iove,
748 1559 868 1592 quem
894 1551 1088 1592 quantum
1114 1546 1277 1592 quidem
1302 1549 1345 1584 in
1363 1546 1432 1584 illo

271 1607 283 1626 ¹
294 1607 338 1638 So
352 1607 454 1638 MSS.
474 1606 666 1638 Buecheler
679 1607 780 1637 reads
795 1605 930 1643 Tiburi,
949 1605 1098 1647 quoting
1109 1605 1202 1637 Suet.
1222 1605 1312 1647 Aug.
1331 1614 1384 1647 72.

274 1666 327 1697 ¹A
342 1665 481 1707 parody
497 1666 538 1696 of
556 1666 615 1696 the
639 1666 782 1705 phrase,
803 1665 874 1694 θεοῦ
890 1664 1012 1703 πληγή,
1032 1664 1117 1704 god’
1120 1674 1137 1694 s
1158 1663 1263 1702 blow,
1282 1674 1323 1695 or
1337 1674 1380 1695 as
1395 1664 1429 1695 in

228 1709 436 1750 Apostolius
452 1708 522 1747 viii,
541 1709 594 1749 89,
609 1715 643 1746 C,
664 1708 735 1738 θεοῦ
751 1707 786 1738 δὲ
801 1707 931 1745 πληγὴν
948 1707 1007 1745 οὐχ
1023 1705 1191 1747 ὑπερπηδᾷ
1204 1707 1316 1748 βροτός
1327 1706 1431 1748 (from

230 1752 461 1792 Menander):
484 1762 531 1783 no
547 1751 675 1782 mortal
691 1760 758 1781 can
775 1759 905 1790 escape
921 1750 1004 1790 god'
1008 1760 1024 1781 s
1041 1749 1075 1781 bl
1066 1751 1144 1781 low.

271 1795 435 1827 ²Gallum
452 1805 576 1826 means
592 1794 678 1826 both
695 1793 789 1825 Gaul
805 1792 878 1824 and
894 1792 1000 1831 cock;
1023 1793 1083 1824 the
1098 1792 1251 1834 proverb
1265 1793 1369 1835 plays
1384 1803 1429 1824 on

228 1838 284 1870 his
299 1839 392 1869 birth
421 1839 508 1869 lace.

270 1848 470 1922 ³Comppare
484 1881 670 1921 Diogenes
682 1879 843 1910 Laertius
855 1889 888 1917 x,
906 1887 983 1920 139.
993 1879 1032 1910 τὸ
1040 1879 1193 1918 μακάριον
1206 1879 1258 1910 καὶ
1269 1879 1432 1920 ἄφθαρτον

230 1925 300 1956 οὔτε
316 1925 394 1955 αυτ-ὸ
414 1924 547 1964 πρᾶγμά
562 1935 594 1954 τι
609 1925 678 1963 ἔχει
695 1924 765 1953 οὔτε
782 1923 870 1961 ἄλλῳ
887 1923 1039 1962 παρέχεις
1065 1922 1179 1954 “The
1197 1922 1344 1953 Blessed
1359 1921 1431 1953 and

229 1967 487 2008 Incorruptibie
504 1966 641 1998 neither
657 1965 758 1997 itself
776 1965 843 1996 has
859 1965 999 1996 trouble
1014 1975 1078 1997 nor
1093 1975 1220 1997 causes
1237 1964 1373 1996 trouble
1395 1968 1432 1997 to
1500 2007 1502 2009 ‚

229 2012 428 2085 anfigldllibr
442 2061 478 2085 01
501 2053 653 2084 Saturae
673 2051 886 2092 Menippeae
901 2050 996 2091 (now
1012 2049 1108 2091 lost),
1127 2050 1242 2082 which
1258 2061 1303 2082 no
1321 2051 1430 2082 doubt

227 2096 440 2138 burlesqued
452 2096 511 2127 the
522 2095 620 2127 Stoic
629 2096 652 2112 “
660 2094 797 2136 perfect
810 2104 891 2125 man
896 2093 928 2132 ,'¹
936 2096 1028 2125 totus
1038 2097 1124 2125 teres
1132 2097 1238 2125 atoue
1248 2094 1426 2125 rotundus.

341 2145 418 2184 386
