1534 2470
158 821 195 854 11

472 211 597 250 LUCI
604 212 670 251 US
702 213 965 253 ANNAEUS
995 214 1205 253 SENECA

235 291 307 326 sub
327 303 417 327 meo
437 294 598 329 nomine
619 292 761 339 latens,
782 293 885 331 hanc
904 294 1002 331 mihi
1022 297 1191 340 gratiam
1205 294 1376 340 rettulit,
1390 299 1436 332 ut

236 367 332 403 duas
365 365 482 404 Iulias
510 373 726 414 proneptes
749 382 858 407 meas
881 370 1096 416 occideret,
1122 370 1290 408 alteram
1318 369 1436 415 ferro,

234 441 400 479 alteram
421 442 552 487 fame;
581 457 704 481 unum
732 445 975 492 abnepotem
1000 445 1043 483 L.
1071 445 1260 484 Silanum.
1291 445 1438 483 videris

240 515 418 563 Iuppiter
451 530 501 554 an
535 520 577 555 in
607 531 723 556 causa
753 519 869 565 mala,
898 524 1008 557 certe
1038 522 1081 557 in
1111 524 1194 566 tua,
1225 522 1258 558 si
1287 531 1436 566 aequus

237 590 392 629 futurus
412 604 464 629 es.
526 592 602 629 Dic
622 592 734 638 mihi,
754 593 845 631 dive
872 593 1025 640 Claudi,
1046 607 1167 640 quare
1196 606 1436 642 quemquam

233 679 283 703 ex
314 666 388 713 his,
420 680 518 713 quos
549 681 726 715 quasque
759 669 954 715 occidisti,
984 674 1202 716 antequam
1235 669 1287 707 de
1320 681 1437 706 causa

234 755 507 788 cognosceres,
527 749 744 790 antequam
774 744 944 790 audires,
965 744 1192 782 damnasti?
1250 744 1342 782 Hoc
1369 744 1436 781 ubi

232 817 317 855 fieri
336 818 468 856 solet?
527 818 574 856 In
595 819 705 857 caelo
725 833 806 857 non
826 819 881 857 fit.
942 819 1048 858 Ecce
1065 819 1260 867 Iuppiter,
1280 821 1348 866 qui
1374 823 1438 856 tot

231 906 355 931 annos
374 899 531 941 regnat,
551 897 620 932 uni
641 895 817 932 Volcano
836 908 924 933 crus
943 895 1079 942 fregit,
1099 908 1220 941 quem

380 977 467 1024 ῥῖψε
486 979 597 1019 ποδὸς
616 977 783 1024 τεταγὼν
804 978 880 1016 ἀπὸ
899 978 1031 1024 βηλοῦ
1051 977 1279 1024 θεσπεσίοιο,

233 1070 278 1103 et
314 1069 438 1103 iratus
477 1066 555 1103 fuit
591 1069 704 1104 uxori
743 1071 786 1104 et
824 1067 1034 1113 suspendit
1071 1066 1201 1104 illam:
1240 1065 1434 1112 numquid

232 1141 403 1179 occidit?
433 1141 494 1178 Tu
516 1142 784 1187 Messalinam,
801 1144 910 1179 cuius
929 1154 1056 1187 aeque
1076 1141 1292 1179 avunculus
1310 1143 1434 1177 maior

232 1229 341 1254 eram
374 1230 494 1263 quam
528 1222 633 1263 tuus,
668 1217 858 1254 occidisti.
925 1207 1137 1254 “Nescio’'
1172 1219 1314 1263 inquis.
1380 1215 1434 1253 Di

233 1293 306 1329 tibi
333 1292 437 1329 male
465 1292 633 1329 faciant:
663 1292 764 1329 adeo
789 1295 891 1329 istuc
911 1295 1066 1338 turpius
1086 1296 1160 1338 est,
1181 1291 1288 1338 quod
1306 1293 1434 1329 nesci-

233 1368 299 1412 sti,
330 1379 449 1412 quam
487 1366 594 1412 quod
633 1365 823 1403 occidisti.
884 1366 923 1403 C.
959 1366 1167 1403 Caesarem
1200 1378 1282 1402 non
1315 1365 1436 1403 desiit

231 1447 433 1479 mortuum
464 1444 659 1488 persequi.
720 1441 935 1479 Occiderat
965 1441 1033 1478 ille
1064 1453 1263 1478 socerum:
1296 1439 1362 1477 hic
1393 1445 1437 1478 et

231 1529 436 1562 generum.
480 1516 602 1554 Gaius
622 1516 749 1554 Crassi
773 1516 897 1553 filium
918 1518 1046 1552 vetuit
1070 1515 1264 1562 Magnum
1284 1517 1433 1552 vocari:

231 1591 296 1628 hic
322 1605 471 1629 nomen
501 1592 558 1629 illi
585 1591 775 1637 reddidit,
796 1596 917 1637 caput
935 1590 1040 1628 tulit.
1100 1590 1262 1629 Occidit
1285 1593 1326 1627 in
1353 1602 1433 1627 una

231 1667 350 1704 domo
392 1667 587 1713 Crassum,
631 1667 839 1713 Magnum,
882 1666 1141 1711 Scriboniam,
1186 1664 1430 1710 Tristionias,

230 1741 497 1788 Assarionem,
512 1741 666 1779 nobiles
686 1745 835 1786 tamen,
852 1740 1034 1777 Crassum
1048 1752 1142 1777 vero
1160 1744 1244 1776 tam
1262 1738 1431 1784 fatuum,

230 1822 276 1854 ut
304 1820 427 1854 etiam
454 1830 623 1863 regnare
653 1821 797 1863 posset.
858 1816 981 1852 Hunc
1010 1827 1116 1851 nunc
1145 1814 1267 1851 deum
1299 1813 1430 1850 facere

229 1893 373 1930 vultis?
408 1893 555 1930 Videte
576 1904 716 1938 corpus
737 1894 821 1928 eius
841 1890 901 1928 dis
921 1892 1030 1927 iratis
1049 1894 1198 1926 natum.
1240 1888 1307 1926 Ad
1325 1901 1430 1926 sum·

228 1977 346 2009 mam,
379 1967 455 2001 tria
485 1964 606 2001 verba
643 1966 724 1999 cito
762 1962 881 2007 dicat,
917 1966 959 1998 et
997 1974 1153 1998 servum
1191 1973 1256 1998 me
1294 1960 1425 1997 ducat.

229 2035 351 2072 Hunc
372 2035 492 2072 deum
513 2037 599 2081 quis
619 2033 749 2071 colet?
784 2031 884 2078 Quis
897 2031 1059 2069 credet?
1094 2031 1203 2069 Dum
1218 2030 1318 2068 tales
1333 2029 1429 2068 deos

225 2105 368 2151 facitis,
388 2119 507 2143 nemo
526 2118 594 2142 vos
614 2105 710 2142 deos
731 2116 817 2140 esse
837 2102 986 2139 credet.
1046 2101 1209 2140 Summa
1227 2104 1297 2147 rei,
1317 2114 1354 2147 p.
1376 2114 1427 2147 c.‚

336 2163 415 2203 394·
