1534 2470
142 1267 215 1300 120

457 182 619 221 TITUS
650 182 962 222 PETRONIUS
991 181 1230 220 ARBITER

237 263 306 307 qui
325 263 433 308 vicit,
453 261 659 308 fascesque
679 262 807 309 pudet
825 265 1001 309 rapuisse
1021 262 1173 300 Catoni.

241 328 558 374 Namque—hoc
579 328 786 367 dedecoris
805 329 954 376 populo
972 342 1207 376 morumque
1226 331 1395 367 ruina-

240 408 321 432 non
341 394 460 432 homo
479 395 616 442 pulsus
636 400 734 442 erat,
755 395 827 434 sed
846 399 888 433 in
907 409 988 434 uno
1007 398 1112 434 victa
1130 401 1308 443 potestas

243 462 545 508 Romanumque
566 462 698 500 decus.
759 462 893 509 Quare
914 467 998 500 tam
1017 463 1176 509 perdita
1196 463 1320 500 Roma

240 531 325 574 ipsa
344 531 403 566 sui
423 542 576 566 merces
598 534 684 566 erat
704 534 746 566 et
766 532 852 566 sine
873 529 1030 566 vindice
1050 528 1207 576 praeda.
1392 532 1441 565 50

244 595 455 632 Praeterea
474 598 636 641 gemino
656 595 895 642 deprensam
914 598 1075 642 gurgite
1095 586 1271 642 plebem¹

242 661 412 699 faenoris
427 661 583 699 illuvies
605 675 775 708 ususque
797 662 988 700 exederat
1008 665 1119 699 aeris.

242 728 363 765 Nulla
383 733 445 766 est
464 734 574 766 certa
593 728 747 775 domus,
767 729 922 766 nullum
942 731 1027 766 sine
1047 731 1214 775 pignore
1234 741 1388 774 corpus,

241 795 312 833 sed
332 795 458 833 veluti
477 795 591 832 tabes
611 797 743 832 tacitis
765 800 959 841 concepta
978 794 1165 832 medullis

242 865 347 899 intra
365 862 545 899 membra
564 861 699 898 furens
720 864 822 898 curis
841 861 1078 898 latrantibus
1099 865 1213 898 errat.

243 929 367 965 Arma
386 928 548 974 placent
568 930 733 973 miseris,
750 927 978 973 detritaque
999 927 1205 964 commoda
1223 926 1320 964 luxu

243 995 472 1032 vulneribus
492 999 738 1041 reparantur.
800 994 920 1040 Inops
940 994 1103 1031 audacia
1122 998 1211 1030 tuta
1232 998 1304 1030 est.

244 1062 336 1099 Hoc
355 1074 526 1098 mersam
546 1074 669 1098 caeno
691 1061 855 1097 Romam
875 1073 1092 1106 somnoque
1111 1062 1310 1097 iacentem

244 1142 346 1175 quae
366 1133 554 1175 poterant
573 1132 679 1164 artes
700 1140 794 1164 sana
813 1129 968 1164 ratione
987 1139 1160 1171 movere,

243 1198 285 1232 ni
305 1195 414 1232 furor
434 1199 477 1232 et
496 1194 649 1231 bellum
668 1193 854 1239 ferroque
875 1185 1024 1230 excita.2
1044 1192 1193 1230 libido?
1391 1190 1443 1229 60

300 1262 398 1299 Tres
417 1261 567 1299 tulerat
587 1261 763 1298 Fortuna
782 1259 917 1306 duces,
938 1273 1036 1306 quos
1055 1260 1188 1297 obruit
1207 1271 1345 1296 omnes

244 1342 443 1367 armorum
463 1333 572 1366 strue
593 1327 748 1365 diversa
767 1327 900 1364 feralis
922 1327 1046 1373 Enyo.

246 1397 428 1433 Crassum
451 1394 619 1432 Parthus
634 1394 771 1440 habet,
789 1394 938 1439 Libyco
953 1396 1058 1430 iacet
1072 1405 1244 1438 aequore
1260 1391 1446 1438 Magnus,

247 1463 371 1500 Iulius
391 1465 589 1508 ingratam
609 1460 788 1507 perfudit
807 1462 1000 1506 sanguine
1023 1459 1202 1504 Romam,

246 1535 289 1567 et
308 1532 419 1575 quasi
439 1541 521 1565 non
541 1532 676 1574 posset
695 1532 758 1564 tot
777 1527 898 1564 tellus
919 1526 1023 1564 ferre
1043 1525 1235 1572 sepulcra,

246 1596 381 1634 divisit
401 1598 564 1632 cineres.
626 1594 713 1631 Hos
732 1594 858 1640 gloria
876 1593 1011 1630 reddit
1029 1592 1210 1629 honores.

301 1663 374 1700 Est
393 1662 502 1699 locus
524 1663 655 1699 exciso
675 1664 836 1707 penitus
856 1659 1061 1697 demersus
1079 1659 1192 1696 hiatu

251 1729 528 1775 Parthenopen
549 1731 656 1765 inter
673 1740 922 1773 magnaeque
944 1725 1201 1763 Dicarchidos
1220 1738 1324 1771 arva,

246 1798 385 1843 Cocyti
405 1795 587 1842 perfusus
606 1808 728 1841 aqua3
748 1807 841 1831 nam
856 1796 1029 1839 spiritus,
1051 1797 1164 1830 extra

245 1866 312 1910 qui
332 1862 430 1900 furit
449 1861 606 1907 effusus,
627 1860 788 1897 funesto
807 1862 1006 1905 spargitur
1023 1863 1147 1896 aestu.
1394 1859 1445 1898 70

244 1931 337 1968 Non
356 1929 456 1967 haec
475 1933 668 1965 autumno
688 1927 808 1964 tellus
827 1929 930 1963 viret
948 1930 1018 1963 aut
1037 1925 1110 1963 alit
1128 1924 1270 1962 herbas

503 2023 660 2066 ¹plebem
679 2023 847 2056 Cmsius:
869 2021 1052 2063 praedam.

504 2075 645 2107 ‘excita
661 2075 727 2107 cod.
749 2073 1026 2106 Messanicus-is:
1048 2072 1179 2104 excisa.

354 2126 434 2166 256
