1534 2470
467 178 632 218 TITUS
664 180 986 220 PETRONIUS
1014 181 1255 220 ARBITER

232 259 330 296 mihi
369 262 580 306 contingat
616 265 687 298 tuo
726 261 920 299 beneficio
957 267 1048 309 post
1078 267 1249 300 mortem
1279 265 1437 309 vivere3

232 336 440 377 praeterea
467 336 515 369 ut
543 334 624 369 sint
651 334 693 368 in
722 331 854 370 fronte
883 333 1007 379 pedes
1033 338 1209 380 centum,
1229 336 1272 371 in
1297 347 1437 380 agrum

232 402 357 449 pedes
388 402 564 440 ducenti.
625 402 759 440 Omne
790 416 918 449 genus
949 406 1058 441 enim
1087 417 1205 451 poma
1234 404 1324 442 volo
1355 407 1438 443 sint

232 476 335 511 circa
355 477 509 511 cineres
528 487 651 520 meos,
673 479 716 512 et
735 477 940 512 vinearum
958 475 1133 521 largiter.
1187 475 1310 514 Valde
1329 479 1438 514 enim

233 545 376 583 falsum
404 550 466 583 est
492 548 580 583 vivo
601 545 764 592 quidem
791 546 929 584 domos
948 546 1075 584 cultas
1095 560 1194 594 esse,
1210 561 1292 585 non
1312 550 1437 585 curari

233 630 311 662 eas,
332 617 400 654 ubi
421 617 570 654 diutius
590 617 704 654 nobis
723 616 987 655 habitandum
1014 623 1085 655 est.
1146 618 1200 656 Et
1226 618 1317 656 ideo
1342 623 1438 656 ante

233 691 365 726 omnia
393 688 496 725 adici
526 688 633 725 volo:
678 680 773 725 ‘hoc
802 694 1109 726 monumentum
1136 689 1329 727 heredem
1356 703 1439 727 non

233 752 460 806 sequitur.’l
521 759 709 797 Ceterum
741 762 818 797 erit
845 760 929 797 mih
958 763 1102 807 icurae,
1122 765 1170 798 ut
1194 765 1440 799 testamento

233 844 407 877 caveam,
428 844 480 868 ne
509 836 690 868 mortuus
719 834 903 868 iniuriam
931 834 1132 878 accipiam.
1195 831 1440 879 Praeponam

233 905 341 940 enim
367 916 493 939 unum
520 915 568 939 ex
595 902 749 939 libertis
776 902 958 949 sepulcro
977 916 1067 940 meo
1087 903 1291 941 custodiae
1310 917 1439 950 causa,

233 987 285 1012 ne
314 977 356 1011 in
384 978 691 1010 monumentum
719 987 854 1011 meum
883 974 1052 1020 populus
1083 979 1263 1012 cacatum
1293 980 1435 1012 currat.

233 1046 291 1083 Te
325 1058 434 1091 rogo,
468 1050 515 1082 ut
547 1058 668 1082 naves
707 1048 828 1082 etiam
849 1073 1047 1083 .......
1070 1048 1321 1083 monumenti
1358 1049 1438 1083 mei

234 1120 352 1158 facias
371 1120 500 1167 plenis
520 1120 617 1157 velis
638 1125 792 1166 euntes,
810 1124 852 1157 et
871 1133 935 1157 me
958 1122 998 1157 in
1018 1120 1208 1157 tribunali
1229 1121 1439 1158 sedentem

234 1200 531 1243 praetextatum
551 1208 641 1232 cum
660 1194 788 1232 anulis
808 1197 936 1232 aureis
951 1197 1127 1241 quinque
1143 1200 1186 1233 et
1199 1209 1382 1233 nummos
1396 1198 1439 1232 in

233 1270 393 1318 publico
413 1270 464 1307 de
484 1270 639 1307 sacculo
659 1269 954 1314 effundentem3
983 1272 1058 1307 scis
1077 1273 1198 1316 enim,
1217 1270 1324 1317 quod
1343 1283 1439 1317 epu-

234 1346 318 1383 lum
337 1345 432 1383 dedi
451 1345 565 1382 binos
586 1345 778 1382 denarios.
841 1344 1035 1391 Faciatur,
1056 1347 1088 1382 si
1107 1346 1182 1382 tibi
1207 1345 1377 1391 videtur,
1398 1350 1441 1383 et

235 1421 418 1458 triclinia.
480 1420 616 1457 Facias
636 1424 679 1457 et
698 1424 830 1456 totum
850 1419 1042 1466 populum
1061 1420 1135 1457 sibi
1154 1422 1327 1457 suaviter
1345 1419 1440 1457 faci-

234 1501 381 1533 entem.
431 1494 498 1532 Ad
517 1494 724 1531 dexteram
736 1507 866 1531 meam
878 1507 1001 1540 ponas
1013 1499 1185 1531 statuam
1198 1494 1440 1532 Fortunatae

233 1583 346 1608 meae
367 1570 589 1607 columbam
610 1573 841 1606 tenentem:
862 1573 905 1606 et
925 1568 1109 1605 catellam
1129 1568 1288 1614 cingulo
1301 1568 1438 1615 alliga-

232 1651 316 1683 tam
335 1644 475 1682 ducat:
503 1649 546 1681 et
565 1646 787 1680 cicaronem
806 1656 954 1689 meum,
975 1648 1018 1680 et
1036 1642 1244 1689 amphoras
1264 1646 1438 1689 copiosas

232 1725 432 1766 gypsatas,
453 1732 505 1756 ne
526 1718 687 1755 effluant
707 1720 854 1755 vinum.
915 1718 969 1754 Et
987 1731 1128 1754 urnam
1156 1717 1253 1755 licet
1271 1718 1437 1755 fractam

233 1794 399 1841 sculpas,
414 1799 456 1831 et
472 1806 591 1839 super
607 1805 695 1829 eam
710 1805 878 1838 puerum
893 1792 1128 1838 plorantem.
1173 1792 1438 1838 Horologium

232 1873 273 1906 in
292 1869 438 1915 medio,
451 1873 499 1905 ut
513 1870 689 1914 quisquis
704 1867 819 1904 horas
834 1869 1031 1913 inspiciet,
1047 1867 1146 1904 velit
1161 1867 1274 1913 nolit,
1289 1879 1437 1904 nomen

277 1985 288 2006 ²
299 1985 460 2027 sequitur
474 1983 685 2016 Buecheler:
710 1987 891 2024 sequatur.
945 1984 1015 2015 The
1028 1984 1171 2025 phrase,
1189 1984 1256 2015 like
1271 1984 1305 2015 in
1321 1983 1437 2016 fronte

235 2030 311 2060 and
324 2030 358 2060 in
375 2038 505 2069 agrum
519 2027 636 2064 above,
650 2027 682 2058 is
693 2027 835 2058 written
847 2026 934 2058 with
946 2027 1083 2059 Horace
1094 2027 1229 2059 Satires
1240 2027 1249 2059 i
1251 2051 1263 2066 ,
1277 2027 1310 2065 8,
1328 2037 1435 2068 12-13.

233 2073 272 2104 in
288 2072 399 2103 mind.
450 2069 701 2102 H.M.H.N.S.
723 2070 755 2101 is
769 2080 792 2100 a
809 2080 960 2101 common
977 2070 1185 2112 inscription
1200 2081 1243 2102 on
1261 2070 1375 2102 tombs.

345 2125 419 2160 138
