1534 2470
458 210 619 248 TITUS
650 211 961 250 PETRONIUS
990 211 1230 252 ARBITER

239 293 284 327 81
310 289 466 327 P.L.M.

184 349 206 382 8
239 345 405 382 Parvula
424 359 563 384 securo
582 349 735 392 tegitur
753 347 852 384 mihi
871 347 1046 386 culmine
1065 349 1181 387 sedes

237 413 391 446 uvaque
410 401 531 448 plena
549 415 660 439 mero
679 402 852 440 fecunda
871 403 1025 449 pendet
1043 403 1094 441 ab
1113 404 1232 442 ulmo.

239 455 348 493 Dant
367 459 466 493 rami
485 470 652 503 cerasos,
673 457 772 495 dant
790 457 894 494 mala
912 458 1098 496 rubentia
1117 459 1251 506 silvae,

239 510 536 558 Palladiumque
556 525 697 550 nemus
717 515 856 559 pingui
876 526 918 550 se
938 516 1087 551 vertice
1106 514 1266 561 frangit.

237 566 320 604 Iam
340 580 418 613 qua
437 567 621 605 diductos
640 573 754 614 potat
773 568 871 605 levis
890 581 982 605 area
1000 568 1144 615 fontes,

235 621 444 668 Corycium
463 622 562 660 mihi
582 626 710 669 surgit
730 623 815 660 olus
834 623 1070 670 maluaeque
1090 627 1255 671 supinae

234 682 276 714 et
295 690 377 714 non
396 675 585 715 sollicitos
603 681 770 715 missura
789 691 985 725 papavera
1003 692 1171 718 somnos.

235 731 447 770 Praeterea
465 736 547 771 sive
567 733 728 771 alitibus
749 739 964 771 contexere
984 733 1166 772 fraudem

232 800 302 825 seu
322 791 448 834 magis
469 788 652 826 imbelles
672 789 791 826 libuit
810 789 1054 827 circumdare
1075 803 1210 828 cervos

231 848 301 881 aut
320 846 441 881 tereti
460 843 543 881 lino
562 844 749 890 pavidum
770 844 990 881 subducere
1010 847 1174 892 piscem,

230 898 302 936 hos
322 903 481 936 tantum
501 912 647 936 novere
668 899 779 936 dolos
798 912 889 936 mea
907 899 1066 937 sordida
1084 913 1184 937 rura.

231 953 249 990 I
270 967 377 991 nunc
398 959 440 991 et
460 957 565 991 vitae
586 954 778 1000 fugientis
798 959 979 1001 tempora
997 955 1128 992 vende

229 1009 419 1047 divitibus
439 1012 558 1047 cenis.
583 1010 652 1047 Me
673 1012 706 1047 si
729 1014 868 1047 manet
887 1012 1018 1047 exitus
1037 1009 1160 1056 idem,

228 1063 294 1102 hic
312 1077 453 1111 precor
472 1067 652 1103 inveniat
671 1069 986 1111 consumptaque
1007 1069 1189 1112 tempora
1207 1071 1351 1112 poscat.

229 1196 279 1229 82
301 1192 458 1230 P.L.M.

226 1247 319 1285 Non
338 1250 432 1285 satis
453 1252 515 1285 est
535 1247 641 1294 quod
661 1260 732 1284 nos
751 1238 922 1293 mergitl
943 1246 1089 1284 furiosa
1108 1250 1294 1285 iuventus

334 1308 658 1349 transversosque
678 1305 783 1349 rapit
802 1302 907 1339 fama
926 1302 1084 1348 sepulta
1101 1303 1278 1348 probris?

226 1350 311 1395 En2
332 1361 454 1396 etiam
474 1358 612 1395 famuli
633 1362 882 1404 cognataque
902 1356 1014 1394 faece
1034 1350 1215 1395 caterva⁸

332 1416 440 1451 inter
459 1426 640 1450 conrasas
659 1413 910 1450 luxuriantur
930 1405 1056 1458 opes.4

225 1468 322 1506 Vilis
342 1481 477 1506 servus
496 1468 620 1505 habet
639 1470 754 1514 regni
775 1468 891 1514 bona,
911 1467 1092 1513 ceanue
1112 1469 1217 1513 capti

331 1523 491 1561 deridet
511 1523 675 1561 Vestam
697 1522 1011 1568 Romuleamque
1032 1535 1172 1559 casam.

224 1578 377 1616 Idcirco
397 1581 522 1616 virtus
540 1578 673 1616 medio
693 1581 798 1615 iacet
817 1578 959 1615 obruta
979 1590 1116 1623 caeno,

330 1636 535 1680 nequitiae
556 1633 700 1671 classes
721 1632 893 1670 candida
913 1632 1001 1670 vela
1020 1631 1166 1670 ferunt.

221 1767 270 1801 83
293 1761 448 1799 P.L.M.

145 1823 192 1855 10
222 1818 286 1856 Sic
307 1823 350 1855 et
368 1817 548 1854 membra
567 1815 698 1853 solent
718 1827 830 1852 auras
850 1814 1055 1851 includere
1075 1806 1255 1859 ventris,⁵

219 1885 320 1920 quae
339 1875 502 1919 penitus
522 1883 675 1908 mersae
696 1884 786 1907 cum
805 1882 939 1907 rursus
958 1869 1066 1906 abire
1086 1868 1279 1914 laborant,

257 1945 413 1986 ¹mergis
438 1943 475 1975 V.
497 1954 581 1975 corr.
601 1942 802 1974 Buecheler.

256 1988 322 2020 ²en
339 1988 377 2019 L.
397 1987 547 2018 Miiller:
574 1997 620 2017 an
647 1986 683 2017 V.

257 2030 427 2064 ’caterva
443 2030 645 2062 Baehrens:
669 2028 795 2070 sepulti
818 2028 855 2059 V.

255 2074 269 2095 ⁴
281 2076 372 2107 inter
388 2084 561 2105 conrasas
578 2072 782 2104 Baehrens:
806 2071 937 2102 intesta
955 2080 1137 2102 merassas
1157 2070 1194 2102 V.

253 2118 393 2150 ‘ventis
418 2117 455 2149 V.
461 2140 473 2155 ,
487 2127 568 2148 corr.
590 2116 703 2147 Riese.

324 2167 402 2207 346

1510 635 1534 940 :fopfflmgw-afly
1515 499 1534 627 amu-0³..
1516 471 1534 487 t»
1517 455 1524 461 ⁴
1511 442 1514 443 ’
1514 352 1529 363 k

1519 1088 1525 1100 0
1511 993 1534 1054 *52³3
1523 956 1534 970 --
