1534 2470
454 184 616 223 TITUS
648 182 959 224 PETRONIUS
987 184 1227 223 ARBITER

234 265 342 312 quod
361 267 558 302 curiosum
577 264 751 310 aliquem
771 267 1026 302 extimescas:
1045 264 1166 310 longe
1185 257 1236 302 ab
1255 263 1331 302 hoc
1349 264 1438 303 locs>

234 320 358 358 frater
377 321 476 357 est.'’
525 320 639 356 Dixit
657 319 757 356 haec
781 319 906 365 Circe,
926 319 1245 366 implicitumque
1263 332 1329 357 me
1348 320 1436 357 bra-

233 376 332 413 chiis
344 375 589 412 mollioribus
601 374 736 421 pluma
744 374 913 412 deduxit
924 377 967 411 in
979 379 1127 412 terram
1139 377 1246 412 vario
1256 377 1437 421 gramine

233 431 426 468 indutam.

344 485 466 523 Idaeo
486 484 622 531 quales
642 483 749 522 fudit
768 484 819 522 de
839 487 989 522 vertice
1007 483 1122 523 flores

342 546 449 578 terra
467 553 624 586 parens,
645 553 735 576 cum
755 552 797 577 se
817 531 1022 577 concesso1
1041 542 1172 577 iunxit
1189 541 1314 578 amori

342 595 525 642 Iuppiter
544 600 586 632 et
605 599 692 632 toto
711 597 895 641 concepit
914 599 1076 641 pectore
1095 594 1295 633 flammas:

342 653 541 688 emicuere
561 662 672 687 rosae
692 649 898 695 violaeque
919 654 962 686 et
980 649 1101 686 molle
1121 662 1308 696 cyperon,

341 705 511 751 albaque
531 705 583 742 de
602 704 718 741 viridi
738 709 911 741 riserunt
930 704 1012 741 lilia
1031 709 1169 751 prato:

341 761 432 798 talis
452 760 595 797 humus
615 759 816 797 Venerem
834 759 975 796 molles
994 759 1180 796 clamavit
1197 761 1240 796 in
1259 758 1416 806 herbas,

342 815 626 861 candidiorque
646 814 732 852 dies
751 819 905 852 secreto
925 814 1022 851 favit
1041 817 1174 851 amori.

289 870 338 908 In
357 871 433 908 hoc
455 873 635 916 gramine
654 872 803 916 pariter
826 872 1034 915 compositi
1052 869 1162 907 mille
1181 868 1324 907 osculis
1341 868 1435 906 lusi-

232 940 333 972 mus,
354 930 592 972 quaerentes
611 925 860 971 voluptatem
878 925 1081 961 robustam
1101 952 1110 961 .
1133 952 1142 961 .
1164 952 1172 961 .

129 981 242 1020 128L
286 973 291 1026 Ι
339 972 481 1027 “Quid
501 981 618 1018 est?'’
645 982 776 1025 inquit
796 970 1023 1025 “numquid
1041 984 1084 1016 te
1104 978 1282 1016 osculum
1299 990 1434 1015 meum

233 1036 424 1074 offendit?
444 1034 650 1081 Numquid
662 1037 822 1081 spiritus
833 1036 1167 1075 ieiuniomarcens
1176 1025 1210 1070 ?²
1230 1033 1434 1079 Numquid

234 1092 385 1129 alarum
404 1091 615 1137 negligens
634 1090 778 1127 sudor?
797 1082 907 1126 Aut3
925 1092 958 1126 si
978 1089 1076 1126 haec
1095 1101 1175 1125 non
1196 1093 1302 1134 sunt,
1318 1101 1435 1125 num-

233 1147 330 1193 quid
351 1146 499 1184 Gitona
517 1144 691 1182 times?”
730 1143 916 1182 Perfusus
945 1156 1021 1190 ego
1048 1144 1191 1180 rubore
1221 1142 1434 1180 manifesto

235 1205 357 1239 etiam
381 1204 413 1238 si
436 1200 532 1247 quid
555 1200 772 1237 habueram
795 1202 951 1244 virium,
971 1198 1141 1245 perdidi,
1161 1203 1328 1244 totoque
1348 1210 1433 1235 cor-

235 1270 330 1303 pore
359 1255 472 1293 velut
500 1248 656 1292 luxat0⁴
689 1245 898 1300 “quaeso'’
938 1256 1101 1300 inquam
1139 1243 1323 1299 “regina,
1350 1251 1432 1291 noli

233 1311 448 1374 suggillare
471 1313 657 1347 miserias.
718 1309 920 1346 Veneficio
939 1313 1146 1346 contactus
1166 1307 1288 1345 sum’'
1311 1336 1320 1344 .
1343 1336 1351 1344 .
1375 1336 1383 1344 .

290 1358 301 1374 ‘
325 1367 414 1412 Dic,
435 1365 607 1411 Chrysis,
624 1364 695 1402 sed
710 1377 868 1401 verum:
897 1363 1091 1409 numquid
1109 1363 1301 1400 indecens
1319 1362 1432 1399 sum?

234 1421 440 1467 Numquid
459 1420 685 1466 incompta?
712 1419 918 1465 Numquid
932 1419 982 1456 ab
997 1418 1129 1464 aliquo
1147 1417 1317 1455 naturali
1336 1419 1433 1454 vitio

235 1476 402 1513 formam
420 1488 552 1513 meam
572 1475 765 1512 excaeco?
786 1474 879 1511 Noli
891 1474 1077 1519 decipere
1093 1473 1294 1510 dominam
1307 1477 1428 1509 tuam.

235 1532 380 1569 Nescio
418 1530 515 1577 quid
547 1528 834 1576 peccavimus.”
895 1529 1041 1575 Rapuit
1086 1527 1234 1565 deinde
1279 1529 1431 1563 tacenti

234 1586 453 1633 speculum,
474 1590 517 1623 et
536 1590 746 1631 postquam
769 1596 906 1621 omnes
930 1583 1062 1620 vultus
1085 1584 1310 1628 temptavit,
1334 1593 1432 1627 quos

235 1641 338 1679 solet
366 1644 473 1678 inter
502 1645 682 1677 amantes
712 1642 811 1676 risus
845 1639 1009 1684 fingere,
1044 1639 1216 1675 excussit
1247 1641 1431 1673 vexatam

234 1696 318 1734 solo
337 1701 491 1733 vestem
509 1698 734 1741 raptimque
757 1694 900 1731 aedem
927 1693 1093 1730 Veneris
1122 1694 1294 1729 intravit.
1344 1691 1432 1736 Ego

235 1756 373 1788 contra
400 1751 610 1788 damnatus
639 1754 682 1787 et
710 1751 820 1795 quasi
849 1748 1020 1794 quodam
1048 1750 1133 1784 visu
1161 1749 1204 1783 in
1228 1746 1431 1783 horrorem

234 1806 451 1853 perductus
477 1808 722 1850 interrogare
749 1806 925 1840 animum
950 1816 1085 1840 meum
1111 1803 1236 1848 coepi,
1261 1812 1314 1838 an
1338 1812 1431 1838 vera

234 1861 440 1907 voluptate
460 1859 664 1896 fraudatus
685 1871 823 1896 essem.

532 1956 544 1975 1
557 1966 729 1987 concesso
744 1955 957 1986 sambucus:
979 1953 1153 1985 confesso.

532 1996 546 2016 ²
556 2009 720 2030 marcens
735 1997 946 2029 Buecheler:
969 2007 1098 2028 macer.

532 2039 626 2073 8Αιιῖ
641 2040 852 2073 Buecheler:
870 2043 964 2082 puto.

531 2083 935 2124 ⁴luxatosungermaan
946 2092 959 2113 .·
982 2082 1115 2114 laxato.

345 2140 424 2175 284
