1500 2470
108 692 151 731 ¹9

126 1013 159 1050 L

96 1969 145 2003 20

402 207 564 245 TITUS
595 207 906 247 PETRONIUS
935 209 1176 247 ARBITER

265 286 479 324 Contemni
499 291 618 333 turpe
639 292 713 333 est,
733 288 868 334 legem
887 289 1036 327 donare
1055 290 1292 335 superbum;

319 352 395 390 hoc
415 367 518 399 amo,
538 354 646 400 quod
665 368 826 401 possum
845 369 923 402 qua
942 356 1043 393 libet
1060 358 1118 394 ire
1138 359 1210 393 via.

266 420 370 456 Nam
391 433 485 457 sane
507 426 550 458 et
570 423 728 467 sapiens
748 427 1004 469 contemptus
1024 425 1151 469 iurgia
1170 425 1312 470 nectit,

318 492 361 525 et
381 490 449 533 qui
468 501 549 525 non
569 488 736 535 iugulat,
757 492 884 527 victor
901 490 1011 527 abire
1030 490 1164 528 solet’'
1187 519 1196 527 .
1219 519 1228 527 .
1251 519 1259 527 .
1283 519 1291 527 .

236 554 456 601 Complosis
476 555 624 593 deinde
644 557 826 594 manibus
845 559 888 594 in
907 561 1067 594 tantum
1080 561 1249 604 repente
1265 559 1386 595 risum

182 621 304 659 effusa
335 627 409 668 est,
441 627 488 659 ut
518 625 761 661 timeremus.
827 624 942 662 Idem
969 637 1018 662 ex
1051 624 1178 662 altera
1203 629 1316 671 parte
1344 629 1387 662 et

180 688 324 726 ancilla
340 688 450 735 fecit,
463 703 565 735 quae
579 692 685 736 prior
696 696 874 737 venerat,
904 691 1012 729 idem
1027 691 1272 737 virguncula,
1284 704 1386 738 quae

181 769 261 793 una
280 759 509 794 intraverat.
555 756 702 795 Omnia
721 761 881 795 mimico
900 761 979 796 risu
1000 763 1281 805 exsonuerant,
1295 772 1386 795 cum

181 826 343 860 interim
371 837 454 870 nos,
486 837 588 870 quae
617 829 701 861 tam
730 828 942 871 repentina
971 830 1078 863 esset
1105 828 1275 863 mutatio
1302 828 1386 862 ani-

179 900 335 924 morum
351 886 469 932 facta,
485 890 758 933 ignoraremus
773 902 818 925 ac
834 889 952 926 modo
968 893 1127 926 nosmet
1145 891 1249 935 ipsos
1267 888 1387 926 modo

179 950 367 988 mulieres
387 953 637 988 intueremur
656 981 664 989 .
689 981 696 988 .
721 980 729 989 .
753 981 761 989 .

234 1004 239 1059 Ι
273 1004 405 1051 “Ideo
432 1017 542 1052 vetui
568 1014 689 1053 hodie
718 1018 761 1052 in
790 1015 864 1052 hoc
894 1015 1118 1053 deversorio
1146 1028 1386 1062 quemquam

179 1077 407 1114 mortalium
432 1077 606 1124 admitti,
633 1083 680 1116 ut
710 1079 931 1116 remedium
963 1082 1159 1117 tertianae
1188 1082 1274 1116 sine
1304 1078 1386 1116 ulla

179 1141 505 1188 interpellatione
538 1155 562 1178 a
595 1143 705 1179 vobis
738 1142 999 1188 acciperem.'’
1060 1142 1118 1181 Ut
1150 1142 1250 1180 haec
1282 1142 1385 1179 dixit

180 1204 391 1251 Quartilla,
422 1204 607 1251 Ascyltos
638 1205 801 1251 quidem
831 1205 1031 1252 paulisper
1060 1206 1280 1252 obstupuit,
1308 1218 1384 1251 ego

179 1272 316 1305 autem
349 1266 530 1313 frigidior
563 1267 696 1305 hieme
732 1268 885 1305 Gallica
917 1267 1045 1305 factus
1078 1267 1234 1305 nullum
1270 1270 1384 1314 potui

180 1331 345 1368 verbum
373 1333 570 1368 emittere.
630 1331 711 1369 Sed
736 1344 789 1369 ne
815 1331 912 1377 quid
938 1333 1090 1369 tristius
1116 1335 1384 1377 expectarem,

179 1397 391 1432 comitatus
419 1394 600 1432 faciebat.
660 1394 758 1432 Tres
785 1397 892 1432 enim
919 1399 1034 1431 erant
1059 1394 1328 1440 mulierculae,
1352 1396 1383 1431 si

179 1458 275 1505 quid
300 1457 453 1495 vellent
476 1461 622 1504 conari,
642 1458 942 1504 infirmissimae,
963 1458 1116 1495 scilicet
1139 1462 1277 1495 contra
1299 1469 1384 1502 nos,

178 1522 321 1568 quibus
337 1523 369 1558 si
385 1520 485 1557 nihil
505 1521 626 1567 aliud,
640 1521 761 1559 virilis
781 1534 897 1559 sexus
918 1526 1034 1558 esset.
1094 1521 1147 1558 Et
1166 1522 1382 1567 praecincti

178 1589 287 1622 certe
307 1584 425 1622 altius
446 1597 611 1622 eramus.
673 1584 801 1621 Immo
822 1597 897 1630 ego
917 1587 972 1621 sic
992 1587 1070 1621 iam
1093 1586 1202 1630 paria
1224 1596 1382 1629 compo-

177 1661 346 1694 sueram,
366 1652 413 1684 ut
431 1650 463 1685 si
487 1647 802 1694 depugnandum
826 1647 942 1693 foret,
963 1650 1047 1694 ipse
1071 1660 1161 1684 cum
1185 1646 1382 1693 Quartilla

176 1714 447 1756 consisterem,
487 1710 672 1757 Ascyltos
703 1724 794 1748 eum
825 1710 980 1756 ancilla,
1020 1711 1144 1748 Giton
1181 1723 1272 1747 cum
1304 1712 1382 1747 vir-

175 1788 270 1821 gine
291 1804 299 1812 .
323 1803 331 1812 .
356 1804 364 1812 .
388 1803 396 1812 .

230 1837 344 1875 Tunc
378 1850 472 1875 vero
506 1838 656 1875 excidit
689 1840 816 1875 omnis
850 1840 1074 1875 constantia
1109 1839 1304 1882 attonitis,
1339 1840 1382 1874 et

175 1915 280 1939 mors
294 1915 375 1938 non
391 1901 512 1938 dubia
526 1903 759 1938 miserorum
775 1901 908 1938 oculos
923 1903 1056 1946 coepit
1071 1900 1270 1937 obducere
1285 1928 1293 1936 .
1313 1929 1321 1936 .
1341 1928 1349 1936 .
1367 1927 1376 1936 .

231 1955 408 2010 “Rogo''
441 1967 603 2010 inquam
635 1954 840 2009 “domina,
875 1967 907 2001 si
940 1964 1036 2010 quid
1069 1966 1220 2000 tristius
1253 1975 1379 2008 paras,

175 2028 343 2065 celerius
374 2027 545 2071 confice3
585 2040 717 2073 neque
749 2030 856 2064 enim
887 2032 970 2064 tam
1003 2039 1193 2072 magnum
1227 2025 1378 2062 facinus

173 2091 417 2138 admisimus,
436 2095 483 2128 ut
502 2090 718 2128 debeamus
738 2093 834 2128 torti
854 2089 1015 2136 perire’'
1037 2118 1046 2127 .
1069 2117 1078 2127 .
1101 2116 1110 2126 .
1133 2117 1142 2126 .

285 2152 336 2192 26
