1534 2470
131 1214 201 1251 107

447 201 608 241 TITUS
642 202 952 243 PETRONIUS
982 204 1222 243 ARBITER

223 287 431 328 corruptae
451 282 876 330 contumeliarumque,
891 298 987 331 quas
1006 287 1049 322 in
1069 285 1256 323 Herculis
1276 289 1430 332 porticu

223 358 445 399 acceperat,
461 354 622 391 turbato
635 354 912 393 vehementius
921 356 1033 393 vultu
1046 357 1276 403 proclamat:
1289 347 1315 365 “
1324 357 1432 396 Deos

227 425 469 462 immortales
509 438 641 462 rerum
680 426 942 464 humanarum
980 441 1099 474 agere
1137 441 1286 475 curam,
1319 434 1431 476 puto,

228 496 473 542 intellexisti,
502 509 525 533 o
554 496 802 543 Tryphaena.
864 499 967 535 Nam
996 499 1271 546 imprudentes
1293 503 1431 537 noxios

227 570 266 603 in
292 572 473 604 nostrum
500 568 693 606 induxere
720 572 937 616 navigium,
958 575 1001 607 et
1020 570 1117 616 quid
1140 570 1341 617 fecissent,
1362 571 1430 608 ad-

227 644 467 677 monuerunt
497 643 581 686 pari
611 643 852 678 somniorum
882 655 1089 679 consensu.
1162 642 1224 679 Ita
1252 642 1357 689 vide,
1385 647 1432 680 ut

226 713 349 756 possit
368 711 445 748 illis
465 714 630 757 ignosci,
647 725 744 758 quos
764 712 815 749 ad
835 726 1006 758 poenam
1025 715 1110 759 ipse
1131 713 1229 751 deus
1250 713 1427 751 deduxit.

228 781 346 828 Quod
365 783 416 820 ad
436 796 501 820 me
521 786 683 829 attinet,
703 796 784 820 non
805 796 891 820 sum
912 784 1096 830 crudelis,
1117 784 1189 822 sed
1208 797 1359 831 vereor,
1378 798 1430 822 ne

227 854 334 900 quod
367 857 569 900 remisero,
600 855 765 901 patiar.'’
825 855 923 892 Tam
953 858 1227 902 superstitiosa
1255 859 1432 893 oratione

228 925 466 972 Tryphaena
494 931 648 963 mutata
677 931 801 972 negat
830 939 871 963 se
901 927 1158 973 interpellare
1183 927 1434 974 supplicium,

230 1000 349 1034 immo
387 997 579 1034 accedere
619 1000 741 1034 etiam
776 1000 1012 1035 iustissimae
1051 998 1205 1035 ultioni.
1267 998 1353 1036 Nec
1390 1011 1433 1035 se

230 1071 360 1106 minus
393 1069 534 1114 grandi
569 1074 752 1106 vexatam
786 1072 928 1106 iniuria
961 1083 1080 1115 quam
1116 1069 1292 1116 Licham,
1323 1072 1433 1108 cuius

231 1139 391 1186 pudoris
412 1140 586 1185 dignitas
605 1142 647 1176 in
667 1138 853 1177 contione
874 1143 1092 1187 proscripta
1112 1143 1163 1178 sit
1183 1170 1190 1178 .
1215 1170 1223 1178 .
1247 1170 1255 1178 .

288 1201 406 1256 “Me,
426 1216 472 1247 ut
491 1216 602 1257 puto,
615 1210 819 1247 hominem
838 1224 919 1248 non
939 1214 1134 1257 ignotum,
1152 1211 1363 1258 elegerunt
1381 1211 1432 1248 ad

232 1282 307 1319 hoc
345 1282 515 1319 officium
554 1273 766 1328 [legatum]
805 1285 1104 1329 petieruntque,
1137 1288 1184 1320 ut
1220 1296 1263 1320 se
1295 1296 1433 1320 recon-

234 1353 408 1391 ciliarem
445 1353 658 1399 aliquando
695 1356 948 1390 amicissimis.
1020 1354 1107 1391 Nisi
1144 1353 1247 1391 forte
1285 1358 1434 1400 putatis

235 1427 396 1462 iuvenes
416 1437 506 1460 casu
527 1426 569 1460 in
588 1423 658 1461 has
678 1423 814 1470 plagas
834 1423 1031 1469 incidisse,
1053 1437 1143 1460 cum
1158 1426 1285 1461 omnis
1299 1429 1435 1461 vector

234 1490 333 1527 nihil
353 1493 460 1536 prius
484 1495 662 1536 quaerat,
682 1503 801 1535 quam
825 1493 935 1527 cuius
959 1503 1000 1527 se
1026 1490 1260 1536 diligentiae
1284 1490 1430 1527 credat.

236 1557 405 1595 Flectite
426 1570 521 1602 ergo
541 1561 697 1594 mentes
717 1556 986 1593 satisfactione
1010 1556 1166 1602 lenitas,
1187 1561 1229 1593 et
1252 1559 1432 1602 patimini

233 1623 376 1661 liberos
397 1622 577 1659 homines
598 1625 654 1659 ire
675 1625 760 1660 sine
780 1625 934 1668 iniuria,
950 1635 1027 1668 quo
1043 1622 1258 1659 destinant.
1318 1622 1431 1660 Saevi

233 1702 390 1736 quoque
410 1689 759 1735 implacabilesque
775 1689 925 1725 domini
941 1688 1219 1725 crudelitatem
1235 1701 1345 1725 suam
1360 1691 1432 1725 im-

232 1756 415 1803 pediunt,
442 1758 475 1792 si
505 1755 664 1801 quando
694 1757 943 1801 paenitentia
973 1754 1161 1800 fugitivos
1191 1754 1363 1800 reduxit,
1390 1759 1432 1792 et

232 1822 430 1860 dediticiis
459 1821 639 1858 hostibus
669 1824 874 1867 parcimus.
935 1820 1044 1867 Quid
1070 1820 1175 1858 ultra
1200 1823 1337 1866 petitis
1362 1825 1433 1858 aut

231 1888 327 1935 quid
335 1888 472 1925 vultis?
487 1887 535 1924 In
548 1892 763 1933 conspectu
774 1891 904 1924 vestro
917 1886 1113 1932 supplices
1126 1889 1258 1923 iacent
1269 1889 1431 1923 iuvenes

231 1958 409 2005 ingenui,
449 1954 621 1999 honesti,
660 1958 703 1990 et
741 1952 847 1999 quod
893 1957 1062 1998 utroque
1108 1955 1310 1998 potentius
1359 1957 1432 1998 est,

229 2022 497 2060 familiaritate
511 2021 619 2057 vobis
632 2019 844 2065 aliquando
858 2021 1069 2056 coniuncti.
1129 2018 1170 2056 Si
1182 2017 1430 2055 mehercules

227 2080 549 2127 intervertissent
568 2089 778 2132 pecuniam
798 2091 982 2131 vestram,
1003 2088 1034 2122 si
1061 2085 1180 2123 fidem
1203 2084 1427 2131 proditione

339 2150 418 2189 216
