1534 2470
108 1259 113 1264 ’
182 1273 257 1306 124

507 185 669 228 TITUS
700 186 1012 230 PETRONIUS
1040 189 1280 229 ARBITER

286 281 332 306 ac
351 269 463 307 velut
483 282 533 308 ex
550 269 634 308 alto
649 283 740 308 cum
758 283 926 317 magnus
945 271 1143 310 inhorruit
1160 276 1295 310 auster

287 356 331 390 et
349 352 482 399 pulsas
502 356 649 391 evertit
667 367 801 400 aquas,
821 367 903 392 non
921 368 1030 392 arma
1048 357 1252 402 ministris,

286 448 367 473 non
387 439 569 482 regimen
588 436 763 483 prodest,
783 437 884 483 ligat
901 437 1005 476 alter
1018 437 1195 485 pondera
1213 441 1344 485 pinus,

286 519 388 557 alter
407 524 496 557 tuta
515 523 623 558 sinus
642 521 935 568 tranquillaque
954 521 1072 559 litora
1091 524 1265 568 quaerit:

286 603 351 640 hic
371 603 442 641 dat
461 603 549 641 vela
569 604 688 651 fugae
711 605 992 652 Fortunaeque
1011 608 1145 643 omnia
1164 605 1302 644 credit.

287 685 396 732 Quid
411 692 494 724 tam
506 700 626 734 parva
638 689 806 735 queror?
837 689 1009 727 Gemino
1024 702 1115 726 cum
1127 688 1289 727 consule
1303 689 1488 736 Magnus,

289 770 355 811 ille
373 775 524 809 tremor
544 771 661 809 Ponti
681 775 866 819 saevique
885 777 1065 819 repertor
1086 772 1289 820 Hydaspis

289 859 330 893 et
349 857 567 902 piratarum
586 856 784 902 scopulus,
804 855 924 893 modo
943 869 1064 902 quem
1083 861 1148 893 ter
1166 860 1353 893 ovantem
1410 859 1488 892 240

289 938 471 985 Iuppiter
490 938 712 984 horruerat,
733 952 854 986 quem
874 938 1002 977 fracto
1020 942 1181 986 gurgite
1203 938 1353 977 Pontus

287 1027 331 1060 et
349 1027 562 1060 veneratus
580 1028 668 1060 erat
685 1023 877 1061 submissa
897 1022 1090 1070 Bosporos
1109 1022 1230 1070 unda,

286 1119 358 1152 pro
376 1105 518 1152 pudor,
536 1109 692 1152 imperii
712 1106 872 1144 deserto
887 1109 1048 1144 nomine
1069 1106 1186 1152 fugit,

286 1193 333 1226 ut
353 1189 529 1226 Fortuna
547 1189 645 1227 levis
666 1189 805 1236 Magni
826 1202 983 1236 quoque
1003 1194 1119 1236 terga
1136 1189 1302 1227 videret.

341 1268 448 1315 Ergo
466 1274 582 1307 tanta
599 1269 686 1307 lues
705 1269 841 1307 divum
856 1282 1013 1316 quoque
1033 1271 1197 1306 numina
1215 1261 1340 1316 vicit,1

287 1351 568 1395 consensitque
588 1348 708 1395 fugae
728 1349 828 1386 caeli
847 1351 976 1386 timor.
1011 1348 1116 1386 Ecce
1135 1361 1207 1395 per
1225 1349 1362 1386 orbem

286 1431 394 1466 mitis
413 1429 531 1465 turba
549 1428 671 1466 deum
690 1433 816 1466 terras
835 1441 953 1466 exosa
972 1428 1152 1466 furentes

287 1508 437 1546 deserit
455 1513 577 1554 atque
596 1508 803 1546 hominum
823 1508 1055 1562 damnatum
1074 1510 1267 1545 avertitur
1285 1520 1440 1554 agmen.

288 1588 369 1626 Pax
388 1591 515 1635 prima
533 1593 629 1626 ante
648 1588 743 1625 alias
762 1591 898 1626 niveos
917 1588 1074 1635 pulsata
1091 1587 1260 1626 lacertos

286 1667 495 1705 abscondit
513 1667 629 1714 galea
646 1670 797 1704 victum
817 1672 937 1714 caput
955 1672 1076 1713 atque
1095 1666 1235 1704 relicto
1409 1670 1488 1704 250

287 1748 383 1785 orbe
402 1747 524 1793 fugax
544 1746 651 1784 Ditis
670 1749 775 1794 petit
794 1746 1030 1793 inplacabile
1050 1759 1228 1792 regnum.

289 1827 397 1864 Huic
418 1839 550 1864 comes
569 1829 602 1864 it
621 1827 814 1864 submissa
834 1825 951 1863 Fides
972 1830 1014 1863 et
1034 1828 1142 1863 crine
1162 1825 1292 1863 soluto

288 1906 446 1944 Iustitia
464 1919 510 1943 ac
528 1919 711 1944 maerens
730 1905 860 1943 lacera
880 1905 1098 1943 Concordia
1116 1905 1230 1952 palla.

287 1986 345 2025 At
363 1990 515 2032 contra,
535 1985 651 2023 sedes
672 1985 793 2023 Erebi
812 1998 890 2031 qua
909 1989 1028 2031 rupta
1046 1984 1232 2033 dehiscit,

648 2077 663 2098 ¹
673 2077 756 2110 vicit
770 2077 959 2110 Hermann
969 2087 983 2109 .·
1005 2076 1102 2109 vidit.

397 2141 476 2179 270
