1500 2470
416 213 579 253 TITUS
610 214 827 253 PETRON
833 215 923 254 IUS
951 215 1192 253 ARBITER

196 293 300 331 Nam
331 294 388 332 illi
420 294 663 333 domesticus
692 307 794 342 sum,
822 309 904 333 non
933 300 997 334 est
1026 298 1175 333 miscix.
1237 295 1402 334 Ferrum

195 368 392 412 optimum
412 366 578 404 daturus
604 372 680 413 est,
700 369 786 405 sine
813 367 921 414 fuga,
942 370 1164 405 carnarium
1190 371 1234 405 in
1255 367 1403 414 medio,

196 442 242 475 ut
260 437 560 485 amphitheater
574 437 720 476 videat.
762 438 816 477 Et
835 439 960 477 habet
981 439 1108 477 unde:
1136 439 1323 477 relictum
1342 443 1406 477 est

197 509 255 547 illi
285 513 516 548 sestertium
545 512 767 557 tricenties,
799 510 973 548 decessit
1003 510 1109 549 illius
1138 515 1254 558 pater
1285 510 1401 549 male.

199 581 256 619 Ut
275 581 571 628 quadringenta
590 582 811 628 impendat,
831 595 912 620 non
941 585 1093 620 sentiet
1121 584 1404 630 patrimonium

196 652 315 699 illius,
331 658 374 690 et
393 656 639 700 sempiterno
655 654 936 691 nominabitur.
971 653 1055 691 Iam
1076 654 1233 691 Manios
1251 653 1404 700 aliquot

197 725 320 762 habet
340 730 383 763 et
402 725 613 762 mulierem
633 725 872 762 essedariam
893 731 936 763 et
961 725 1279 772 dispensatorem
1306 725 1402 772 Gly-

197 799 320 843 conis,
339 799 406 843 qui
428 797 703 843 deprehensus
725 801 800 844 est,
827 807 919 834 cum
939 797 1142 834 dominam
1161 810 1273 834 suam
1291 796 1402 835 dele-

196 872 383 906 ctaretur.
444 868 609 906 Videbis
643 868 778 914 populi
813 871 939 905 rixam
973 872 1080 906 inter
1117 868 1323 915 zelotypos
1361 872 1404 906 et

195 939 496 978 amasiunculos.
559 939 686 985 Glyco
706 945 856 986 autem,
877 943 1143 978 sestertiarius
1171 940 1304 986 homo,
1323 939 1400 977 dis-

196 1017 450 1058 pensatorem
469 1011 520 1048 ad
547 1011 696 1049 bestias
716 1011 840 1048 dedit.
903 1012 993 1048 Hoc
1014 1016 1077 1049 est
1103 1024 1146 1048 se
1173 1014 1303 1058 ipsum
1322 1016 1398 1048 tra-

195 1083 354 1120 ducere.
397 1082 506 1129 Quid
526 1095 661 1120 servus
682 1085 875 1129 peccavit,
895 1085 963 1129 qui
984 1087 1142 1120 coactus
1163 1087 1226 1120 est
1244 1082 1401 1120 facere?

196 1155 326 1200 Magis
353 1154 420 1191 illa
447 1153 610 1191 matella
642 1153 764 1199 digna
795 1153 873 1191 fuit
903 1167 1022 1199 quam
1053 1158 1189 1191 taurus
1219 1157 1396 1191 iactaret.

196 1225 278 1264 Sed
308 1228 376 1272 qui
406 1229 563 1263 asinum
591 1238 673 1262 non
705 1230 852 1271 potest,
887 1230 1057 1262 stratum
1088 1225 1230 1263 caedit.
1290 1224 1398 1272 Quid

195 1302 331 1335 autem
367 1297 495 1343 Glyco
528 1297 697 1343 putabat
737 1297 1008 1343 Hermogenis
1047 1296 1191 1334 filicem
1224 1309 1399 1343 unquam

195 1370 344 1406 bonum
373 1371 526 1406 exitum
556 1368 775 1405 facturam?
813 1367 887 1406 Ille
915 1368 1036 1406 milvo
1065 1367 1215 1406 volanti
1242 1373 1401 1415 poterat

195 1453 351 1486 ungues
371 1453 572 1484 resecare;
602 1439 763 1477 colubra
793 1445 943 1477 restem
971 1453 1053 1476 non
1082 1442 1197 1486 parit.
1258 1439 1400 1486 Glyco,

195 1512 323 1558 Glyco
343 1511 458 1549 dedit
477 1523 586 1556 suas3
607 1514 742 1557 itaque
763 1511 952 1557 quamdiu
972 1513 1130 1557 vixerit,
1144 1511 1311 1548 habebit
1329 1513 1398 1548 sti-

192 1597 340 1630 gmam,
355 1596 431 1620 nec
446 1583 556 1619 illam
576 1585 651 1620 nisi
673 1582 800 1620 Orcus
821 1582 984 1620 delebit.
1045 1582 1126 1620 Sed
1141 1582 1215 1619 sibi
1231 1585 1398 1628 quisque

193 1659 344 1702 peccat.
404 1654 485 1692 Sed
515 1653 747 1700 subolfacio,
768 1653 875 1700 quod
902 1654 1016 1691 nobis
1043 1653 1207 1700 epulum
1232 1653 1396 1692 daturus

192 1732 255 1764 est
275 1726 513 1771 Mammaea,
533 1726 646 1762 binos
673 1725 856 1763 denarios
875 1725 974 1762 mihi
994 1730 1037 1762 et
1055 1728 1166 1763 meis.
1226 1724 1345 1771 Quod
1364 1729 1396 1763 si

193 1798 267 1835 hoc
298 1797 454 1843 fecerit,
484 1799 627 1843 eripiat
658 1797 847 1834 Norbano
881 1801 1012 1834 totum
1043 1796 1229 1834 favorem.
1288 1796 1396 1834 Scias

191 1873 352 1916 oportet
370 1867 500 1914 plenis
520 1867 618 1905 velis
639 1867 746 1904 hunc
766 1870 1018 1905 vinciturum.
1061 1867 1115 1905 Et
1134 1880 1284 1913 revera,
1300 1867 1396 1914 quid

190 1940 259 1978 ille
288 1940 403 1976 nobis
431 1939 524 1976 boni
555 1938 676 1976 fecit?
707 1938 834 1975 Dedit
862 1938 1103 1984 gladiatores
1133 1941 1395 1976 sestertiarios

189 2015 267 2050 iam
305 2011 544 2057 decrepitos,
577 2023 675 2056 quos
708 2013 740 2047 si
775 2010 980 2056 sufflasses,
1014 2010 1272 2054 cecidissent3
1315 2012 1393 2047 iam

188 2083 374 2121 meliores
395 2083 599 2119 bestiarios
621 2081 710 2118 vidi.
763 2081 924 2119 Occidit
954 2081 1006 2119 de
1035 2081 1197 2119 lucerna
1223 2084 1391 2127 equites,

302 2156 352 2197 76
