1534 2470
488 209 650 252 TITUS
682 210 994 254 PETRONIUS
1023 212 1262 252 ARBITER

267 295 404 339 possit,
424 306 525 339 quae
553 294 721 332 abstulit
743 294 856 341 mihi,
876 308 949 342 per
970 295 1079 343 quod
1101 297 1224 333 etiam
1250 299 1295 333 te
1322 294 1470 333 habere

266 362 389 406 potui.
449 359 613 398 Summa
645 365 783 399 tamen
816 364 1080 399 excusationis
1113 372 1227 399 meae
1260 361 1359 399 haec
1389 365 1471 399 est:

266 425 432 472 placebo
451 427 539 473 tibi,
555 430 587 465 si
606 441 671 465 me
692 427 850 475 culpam
870 428 1084 466 emendare
1104 428 1359 475 permiseris”
1377 456 1386 465 .
1409 456 1418 465 .
1441 456 1450 466 .

231 491 266 529 L
324 484 329 538 Ι
349 492 523 531 Dimissa
542 507 633 531 cum
657 494 851 532 eiusmodi
874 495 1163 542 pollicitatione
1187 493 1380 542 Chryside
1403 508 1470 532 cu-

161 965 231 998 131

266 562 348 597 ravi
363 560 596 607 diligentius
615 564 932 600 noxiosissimum
951 575 1106 609 corpus,
1119 562 1342 609 balneoque
1356 575 1470 609 prae·

266 630 387 665 terito
414 627 572 665 modica
599 631 791 667 unctione
821 642 928 676 usus,
957 642 1049 667 mox
1087 629 1185 668 cibis
1217 629 1470 667 validioribus

266 698 414 740 pastus,
435 693 477 731 id
497 699 559 732 est
582 694 713 732 bulbis
737 694 1068 742 cochlearumque
1091 698 1177 733 sine
1200 697 1286 733 iure
1309 697 1469 733 cervici-

265 761 352 807 bus,
373 760 486 799 hausi
505 764 659 808 parcius
679 775 844 799 merum.
897 762 1007 799 Hinc
1029 767 1126 800 ante
1149 775 1332 800 somnum
1353 761 1469 800 levis-

266 831 364 865 sima
390 828 662 866 ambulatione
689 831 930 875 compositus
955 831 1042 867 sine
1069 829 1218 867 Gitone
1243 828 1469 866 cubiculum

266 897 420 932 intravi.
471 895 602 933 Tanta
630 900 717 932 erat
744 895 929 942 placandi
962 908 1068 942 cura,
1102 900 1149 933 ut
1185 898 1383 942 timerem,
1415 908 1468 933 ne

265 961 370 999 latus
388 975 524 999 meum
544 961 668 999 frater
687 961 942 1000 convelleret.
996 961 1159 1000 Postero
1178 962 1257 1009 die,
1273 975 1364 1000 cum
1382 965 1468 1000 sine

265 1024 414 1063 offensa
437 1027 609 1071 corporis
632 1027 834 1072 animique
858 1028 1204 1072 consurrexissem,
1227 1028 1270 1063 in
1295 1025 1467 1063 eundem

265 1088 479 1135 platanona
494 1088 697 1134 descendi,
714 1091 836 1126 etiam
851 1091 883 1126 si
903 1088 1034 1126 locum
1048 1091 1338 1135 inauspicatum
1351 1091 1464 1127 time-

266 1152 370 1198 bam,
386 1154 579 1199 coepique
599 1154 706 1189 inter
725 1152 884 1189 arbores
903 1151 1048 1189 ducem
1067 1154 1221 1189 itineris
1237 1157 1468 1199 exspectare

266 1214 512 1261 Chrysidem.
536 1215 623 1252 Nec
643 1215 712 1252 diu
728 1218 921 1261 spatiatus
941 1214 1211 1262 consederam,
1226 1215 1295 1253 ubi
1313 1214 1467 1253 hester-

265 1291 318 1315 no
341 1278 407 1316 die
431 1278 598 1325 fueram,
626 1291 717 1315 cum
741 1278 809 1315 illa
832 1280 941 1316 intus
967 1270 1095 1315 venit1
1120 1281 1308 1316 comitem
1332 1281 1467 1316 anicu-
1530 1284 1534 1295 ¹

265 1341 344 1378 lam
363 1341 538 1379 trahens.
588 1341 726 1388 Atque
754 1346 801 1379 ut
828 1354 894 1380 me
918 1341 1194 1388 consalutavit,
1210 1333 1353 1388 “Quid
1371 1340 1465 1379 est”

265 1407 397 1451 inquit
450 1395 475 1412 “
487 1404 646 1451 fastose,
697 1404 840 1451 ecquid
893 1405 1037 1441 bonam
1088 1409 1269 1442 mentem
1318 1403 1467 1443 habere

265 1470 432 1515 coepisti
444 1468 460 1505 ?
474 1467 496 1481 ''

321 1531 395 1568 Illa
409 1531 461 1569 de
480 1533 568 1569 sinu
587 1531 723 1568 licium
738 1531 906 1578 protulit
921 1533 1015 1568 varii
1031 1530 1170 1569 coloris
1184 1530 1259 1569 filis
1272 1533 1466 1569 intortum

265 1597 540 1641 cervicemque
560 1597 688 1632 vinxit
707 1607 848 1631 meam.
899 1594 995 1631 Mox
1014 1594 1220 1632 turbatum
1239 1599 1356 1641 sputo
1378 1594 1466 1642 pul-

264 1670 400 1695 verem
425 1657 559 1695 medio
586 1657 749 1695 sustulit
771 1657 899 1703 digito
925 1656 1180 1704 frontemque
1205 1660 1466 1704 repugnantis

264 1724 437 1768 signavit
457 1750 464 1757 .
488 1750 495 1757 .
521 1750 527 1758 .

320 1785 411 1822 Hoc
430 1789 593 1831 peracto
613 1786 787 1822 carmine
806 1788 870 1822 ter
887 1797 953 1822 me
973 1786 1086 1821 iussit
1106 1796 1299 1831 exspuere
1321 1788 1464 1831 terque

263 1847 418 1895 lapillos
438 1850 619 1885 conicere
638 1849 681 1884 in
700 1850 844 1893 sinum,
858 1860 956 1894 quos
975 1850 1060 1895 ipsa
1078 1852 1354 1895 praecantatos
1370 1859 1464 1895 pur-

1520 1902 1534 1924 ἥδ’
1523 1877 1532 1891 a,
1521 1817 1534 1867 {Mn
1525 1765 1528 1768 ⁴

263 1924 361 1958 pura
380 1910 614 1956 involverat,
634 1910 884 1957 admotisque
903 1911 1086 1948 manibus
1108 1915 1308 1957 temptare
1331 1913 1464 1958 coepit
1521 1925 1534 1955 f

262 1976 473 2020 inguinum
492 1976 604 2010 vires.
652 1973 772 2010 Dicto
793 1976 908 2010 citius
927 1976 1039 2011 nervi
1058 1978 1276 2019 paruerunt
1297 1975 1464 2020 imperio
1527 1967 1534 1985 ‘⁴

262 2050 481 2082 manusque
502 2036 681 2073 aniculae
701 2038 859 2081 ingenti
877 2041 989 2073 motu
1008 2035 1275 2082 repleverunt.
1319 2035 1377 2073 At
1395 2035 1462 2072 illa
1530 2087 1531 2090 ¹

493 2108 614 2140 ¹intus
630 2108 725 2139 venit
740 2107 952 2139 Buecheler:
973 2107 1167 2142 intervenit.

373 2162 452 2201 290

1516 2018 1534 2066 ³:
