1500 2470
98 1092 147 1125 2⁶2

395 201 557 242 TITUS
589 203 902 243 PETRONIUS
932 203 1170 242 ARBITER

232 283 414 330 Uterque
433 288 614 322 nostrum
634 284 937 331 religiosissimis
959 287 1104 323 iuravit
1121 286 1252 324 verbis
1274 288 1382 325 inter

174 350 273 389 duos
293 353 516 398 periturum
536 364 623 389 esse
642 356 726 389 tam
745 351 934 390 horribile
953 357 1153 391 secretum
1173 382 1181 390 .
1205 382 1213 391 .
1237 383 1245 391 .
1268 382 1276 391 .

230 417 488 455 Intraverunt
507 417 762 464 palaestritae
786 418 1008 465 complures
1034 423 1077 457 et
1101 432 1173 457 nos
1199 419 1380 466 legitimo

176 484 355 531 perfusos
375 485 464 522 oleo
486 484 727 523 refecerunt.
790 486 1006 532 Utcunque
1030 499 1126 532 ergo
1147 486 1382 525 lassitudine

175 553 331 590 abiecta
361 555 563 590 cenatoria
594 555 813 599 repetimus
845 557 888 590 et
917 555 960 590 in
990 556 1210 600 proximam
1239 553 1380 592 cellam

175 619 287 657 ducti
307 632 455 666 sumus,
475 622 518 657 in
538 633 616 666 qua
639 624 721 658 tres
744 619 840 658 lecti
865 623 979 658 strati
1002 625 1118 658 erant
1141 625 1184 658 et
1205 620 1381 668 reliquus

175 686 420 724 lautitiarum
440 691 652 734 apparatus
672 687 993 734 splendidissime
1014 690 1227 734 expositus.
1282 687 1382 726 Iussi

176 767 272 799 ergo
298 754 583 800 discubuimus,
604 758 647 791 et
672 757 902 800 gustatione
928 754 1092 792 mirifica
1117 757 1263 792 initiati
1290 757 1382 792 vino

176 823 298 858 etiam
334 821 503 859 Falerno
536 821 787 859 inundamur.
848 821 1018 869 Excepti
1052 824 1173 859 etiam
1202 821 1381 869 pluribus

175 887 336 925 ferculis
375 900 466 925 cum
504 887 731 925 laberemur
764 891 806 925 in
840 901 1036 934 somnum,
1071 878 1096 896 “
1108 887 1222 926 Itane
1260 887 1379 926 est?’'

178 957 309 1000 inquit
339 953 537 1000 Quartilla
561 945 717 992 “etiam
746 955 918 992 dormire
947 955 1057 992 vobis
1080 957 1123 992 in
1150 959 1288 992 mente
1307 958 1383 1000 est,

178 1034 270 1058 cum
289 1024 421 1059 sciatis
443 1021 574 1068 Priapi
593 1025 715 1068 genio
734 1021 987 1068 pervigilium
1006 1021 1202 1059 deberi?”
1220 1050 1228 1059 .
1253 1050 1260 1059 .
1285 1050 1292 1059 .

233 1089 333 1126 Cum
353 1088 539 1135 Ascyltos
562 1093 748 1135 gravatus
774 1093 837 1126 tot
862 1088 975 1126 malis
1001 1090 1043 1125 in
1069 1100 1252 1125 somnum
1274 1087 1382 1126 labe·

176 1157 300 1197 retur,
330 1151 398 1189 illa
427 1164 529 1198 quae
559 1154 702 1189 iniuria
730 1151 897 1198 depulsa
925 1151 1057 1189 fuerat
1084 1150 1228 1188 ancilla
1255 1156 1382 1189 totam

177 1214 320 1252 faciem
341 1218 426 1252 eius
446 1214 616 1261 fuligine
636 1215 756 1261 longa
780 1214 988 1262 perfricuit
1009 1219 1052 1252 et
1070 1227 1152 1252 non
1171 1217 1382 1252 sentientis

176 1278 285 1316 labra
305 1291 542 1324 umerosque
563 1270 842 1324 sopitionibus1
861 1280 1002 1324 pinxit.
1060 1277 1145 1314 Iam
1165 1290 1242 1324 ego
1261 1281 1382 1315 etiam

177 1347 240 1380 tot
259 1342 373 1379 malis
392 1341 585 1388 fatigatus
608 1344 819 1379 minimum
843 1341 968 1379 veluti
991 1346 1155 1387 gustum
1174 1341 1382 1379 hauseram

176 1407 325 1449 somni3
354 1404 463 1442 idem
483 1409 526 1442 et
545 1409 631 1442 tota
650 1407 756 1442 intra
776 1404 950 1451 forisque
970 1403 1119 1441 familia
1138 1403 1302 1450 fecerat,
1322 1408 1382 1441 at-

176 1481 255 1514 que
283 1467 351 1504 alii
380 1471 483 1505 circa
512 1467 637 1514 pedes
666 1468 1004 1505 discumbentium
1034 1470 1156 1514 sparsi
1185 1467 1381 1513 iacebant,

175 1531 242 1568 alii
262 1531 482 1577 parietibus
500 1530 694 1577 appliciti,
713 1530 876 1577 quidam
895 1533 937 1566 in
956 1532 1042 1576 ipso
1061 1529 1198 1567 limine
1218 1532 1381 1567 coniun-

176 1597 250 1632 ctis
276 1594 495 1632 manebant
521 1594 737 1640 capitibus3
766 1593 953 1631 lucernae
977 1605 1135 1639 quoque
1155 1605 1292 1630 umore
1312 1592 1381 1630 de-

177 1657 307 1695 fectae
320 1662 444 1696 tenue
466 1662 509 1695 et
526 1662 752 1695 extremum
766 1657 904 1694 lumen
920 1656 1181 1702 spargebant:
1196 1669 1288 1693 cum
1301 1655 1382 1694 duo

177 1721 266 1767 Syri
303 1720 517 1766 expilaturi
554 1711 823 1766 [lagoenam]2
866 1719 1083 1757 triclinium
1118 1722 1380 1766 intraverunt,

176 1783 352 1830 dumque
365 1786 473 1821 inter
484 1788 698 1829 argentum
713 1782 866 1820 avidius
878 1785 1070 1828 rixantur,
1084 1782 1288 1819 diductam
1303 1782 1380 1820 fre-

175 1851 324 1892 gerunt
342 1846 563 1891 lagoenam.
610 1845 766 1883 Cecidit
785 1849 906 1883 etiam
926 1858 1063 1882 mensa
1087 1858 1176 1882 eum
1199 1849 1380 1891 argentm

176 1914 219 1947 et
230 1909 398 1946 ancillae
412 1922 531 1955 super
542 1914 675 1946 torum
690 1911 905 1946 marcentis
921 1921 1129 1945 excussum
1145 1907 1248 1946 forte
1263 1907 1381 1945 altius

219 1995 231 2014 ¹
245 1997 493 2038 sopitionibus,
514 1997 684 2038 probably
707 2000 865 2038 corrupt:
887 1995 1095 2038 sopionibus
1119 1995 1222 2028 MSS.
1255 1995 1300 2038 os
1316 1994 1380 2027 Ca-

180 2041 291 2072 tullus
305 2048 360 2082 37,
383 2050 439 2072 10:
463 2039 670 2081 ropionibus
686 2040 811 2071 Hertz.

219 2090 235 2110 ²
247 2093 438 2133 lagoenam
455 2092 636 2123 bracketed
648 2091 692 2132 by
698 2091 813 2132 Jahn.

290 2153 341 2190 80
