1534 2470
449 212 612 252 TITUS
643 212 954 251 PETRONIUS
983 211 1224 250 ARBITER

229 316 292 350 est
305 311 414 349 locus
436 310 649 348 Herculeis
667 312 744 347 aris
763 321 892 347 sacer:
921 308 1029 347 hunc
1047 311 1139 347 nive
1158 309 1258 347 dura

229 370 381 408 claudit
399 369 555 416 hiemps
575 382 754 415 canoque
773 367 822 406 ad
844 367 974 406 sidera
991 371 1141 406 vertice
1160 368 1278 406 tollit.

230 429 386 467 caelum
404 428 515 466 illinc
535 427 725 465 cecidisse
745 431 885 474 putes:
913 439 995 464 non
1014 426 1106 464 solis
1124 417 1275 464 adulti¹

229 490 471 526 mansuescit
489 486 620 533 radiis,
640 499 721 523 non
740 488 852 523 verni
870 488 1061 532 temporis
1079 498 1187 532 aura,

230 547 302 585 sed
321 546 448 593 glacie
469 550 655 583 concreta
673 547 808 591 rigent
827 543 1049 590 hiemisque
1069 546 1240 590 pruinis:
1354 546 1431 580 150

229 611 361 644 totum
380 604 485 642 ferre
504 608 640 651 potest
658 605 804 641 umeris
822 603 1099 640 minitantibus
1117 603 1265 640 orbem,

232 665 348 703 Haec
367 664 436 701 ubi
455 663 621 700 calcavit
641 661 783 699 Caesar
800 664 893 707 iuga
911 661 1039 698 milite
1058 661 1165 698 laeto

230 713 488 770 optavitque²
507 721 652 767 locum,
667 733 821 758 summo
840 719 892 757 de
910 722 1060 757 vertice
1079 721 1226 757 montis

233 782 456 828 Hesperiae
476 793 636 826 campos
655 779 737 816 late
757 781 962 825 prospexit
981 783 1024 816 et
1038 778 1173 816 ambas

230 844 437 879 intentans
457 852 549 876 cum
568 851 664 875 voce
683 850 823 874 manus
842 837 893 874 ad
909 836 1038 874 sidera
1056 836 1177 874 djxit:

231 890 244 909 ‘
257 899 439 946 Iuppiter
458 900 724 943 omnipotens,
745 901 787 933 et
806 888 882 942 te,3
901 895 1085 933 Saturnia
1102 895 1237 942 tellus,

231 960 350 996 armis
368 957 474 994 laeta
494 958 593 993 meis
613 955 786 1001 olimque
806 959 970 991 onerata
988 953 1212 1000 triumphis,

231 1022 372 1062 testor,
392 1015 443 1052 ad
462 1015 532 1052 has
552 1016 656 1051 acies
675 1016 844 1050 invitum
863 1025 1064 1049 accersere
1085 1012 1273 1059 Martem,

142 1076 213 1115 LO
227 1078 370 1113 invitas
389 1087 455 1111 me
474 1073 579 1111 ferre
599 1085 749 1109 manus.
810 1071 890 1109 Sed
909 1071 1074 1108 vulnere
1093 1083 1226 1116 cogor,

231 1134 368 1182 pulsus
382 1134 433 1170 ab
452 1133 551 1170 urbe
570 1144 672 1176 mea,
694 1129 789 1167 dum
812 1129 995 1166 Rhenum
1008 1131 1200 1175 sanguine
1219 1131 1374 1175 tinguo,

231 1194 328 1232 dum
348 1191 484 1230 Gallos
503 1193 649 1227 iterum
669 1188 863 1235 Capitolia
881 1193 1016 1225 nostra
1034 1192 1222 1234 petentes
1352 1185 1422 1225 161

232 1252 402 1299 Alpibus
422 1248 604 1294 excludo,
624 1247 822 1285 vincendo
842 1249 987 1284 certior
1005 1245 1127 1283 exsul.

231 1311 435 1356 Sanguine
455 1308 657 1346 Germano
675 1308 961 1352 sexagintaque
980 1304 1192 1350 triumphis

231 1383 318 1408 esse
337 1380 487 1406 nocens
506 1369 629 1412 coepi.
690 1364 928 1411 Quanquam
947 1376 1044 1409 quos
1062 1363 1188 1409 gloria
1205 1367 1346 1410 terret,

231 1434 302 1466 aut
321 1430 389 1474 qui
409 1431 504 1464 sunt
523 1428 591 1471 qui
610 1423 717 1461 bella
735 1423 899 1460 vident?
943 1421 1197 1459 Mercedibus
1217 1426 1377 1467 emptae

230 1501 277 1525 ac
296 1486 394 1524 viles
408 1497 566 1532 operae,
585 1495 753 1530 quorum
773 1486 834 1519 est
853 1494 942 1518 mea
964 1480 1087 1517 Roma
1104 1492 1283 1516 noverca.

231 1539 312 1584 At4
330 1557 432 1590 reor,
447 1542 555 1580 haud
574 1544 751 1587 impune,
766 1552 842 1577 nec
856 1539 959 1576 hanc
974 1541 1059 1576 sine
1078 1538 1235 1575 vindice
1250 1537 1430 1575 dextram

230 1606 381 1643 vinciet
399 1605 575 1648 ignavus.
635 1600 815 1636 Victores
834 1601 891 1635 ite
911 1597 1103 1642 furentes,

230 1667 288 1702 ite
307 1665 388 1699 mei
407 1662 585 1705 comites,
607 1663 649 1696 et
669 1671 825 1694 causam
845 1656 967 1693 dicite
985 1655 1101 1692 ferro.

232 1723 416 1767 Namque
436 1731 574 1756 omnes
594 1730 718 1754 unum
739 1718 889 1753 crimen
908 1719 1035 1759 vocat,
1056 1713 1238 1750 omnibus
1257 1725 1336 1750 una
1354 1714 1430 1752 170

230 1778 441 1827 impendet
460 1776 604 1814 clades.
666 1773 886 1812 Reddenda
905 1778 967 1810 est
985 1775 1112 1818 gratia
1132 1772 1254 1816 vobis,

230 1852 313 1877 non
333 1837 437 1875 solus
457 1838 543 1873 vici.
603 1833 751 1880 Quare,
770 1835 862 1878 quia
881 1844 1009 1877 poena
1027 1832 1201 1876 tropaeis

231 1899 417 1936 imminet
436 1899 479 1932 et
498 1893 634 1931 sordes
654 1894 801 1929 meruit
818 1892 981 1927 victoria
999 1894 1147 1934 nostra,

361 1985 371 2003 ¹
383 1983 495 2016 adulti
512 1983 580 2014 cod.
600 1980 878 2013 Messaniensis:
900 1978 1019 2009 adusti
1034 1977 1131 2010 other
1143 1976 1246 2009 MSS.

359 2027 521 2069 ²optavit
536 2025 678 2066 margin
693 2023 795 2065 ofL:
818 2022 943 2054 oravit.

359 2070 419 2102 ⁸te
433 2068 644 2102 Buecheler:
666 2071 703 2098 tu
719 2066 772 2098 L:
793 2076 836 2097 eu
855 2065 893 2097 O.

360 2113 422 2146 ⁴at
437 2112 614 2145 Heinsius
624 2121 637 2142 .·
660 2114 709 2142 ut.

340 2172 420 2211 264
